1737 2823
89 750 136 783 10

88 1046 132 1078 15

84 1345 132 1377 20

84 1639 132 1672 25

83 1938 129 1971 30

82 2235 128 2267 35

735 100 989 137 ——13—

161 210 269 261 parit.
327 210 455 259 Glyco,
485 210 600 260 Glyco
630 210 731 248 dedit
761 223 866 253 suas:
895 211 1020 260 itaque
1041 213 1222 261 quamdiu
1245 213 1388 259 vixerit,
1409 215 1563 253 habebit

160 270 348 320 stigmam,
381 283 450 307 nec
480 270 581 308 illam
611 269 682 307 nisi
711 269 832 307 Orcus
861 269 1008 308 delebit.
1066 271 1131 309 sed
1153 271 1222 309 sibi
1244 272 1403 320 quisque
1424 280 1563 322 peccat.
1595 283 1635 314 10

162 329 228 368 sed
257 329 476 373 subolsacio‚
507 328 595 377 quia
625 328 736 366 nobis
764 328 918 377 epulum
949 329 1106 368 daturus
1135 335 1190 368 est
1220 330 1423 372 Mammea„
1455 333 1564 371 binos

160 387 338 427 denarios
377 388 469 426 mihi
507 393 541 426 et
581 387 689 425 mais.
746 388 846 436 quod
886 387 916 425 si
954 388 1026 425 hoc
1056 388 1193 434 fecerit,
1224 389 1355 439 eripiat
1383 390 1564 429 Norbano

161 453 282 486 totum
313 448 492 486 savorem.
549 447 647 485 scias
677 451 822 496 oportet
852 447 973 496 plenis
1003 447 1092 486 velis
1122 448 1225 486 hunc
1247 448 1485 488 vinciturum.
1530 455 1565 488 ct
1594 460 1632 490 11

160 519 302 554 revera,
333 507 422 556 quid
453 506 512 544 ille
541 505 653 544 nobis
683 505 773 543 boni
803 506 913 544 fecit?
944 507 1044 544 dedit
1069 506 1296 556 gladiatores
1316 509 1565 547 sestertiarios

159 566 234 605 iam
263 566 485 616 decrepitos,
515 578 611 614 quos
641 565 671 603 si
701 566 908 611 sufflasses,
937 566 1177 612 cecidissent3
1208 566 1282 605 iam
1308 568 1485 606 meliores
1506 569 1566 606 be-

161 625 311 664 stiarios
352 625 437 663 vidi.
496 625 629 663 occidit
667 625 713 662 de
754 625 910 663 lucerna
951 625 1108 674 equites,
1152 631 1306 675 putares
1344 640 1409 665 eos
1448 627 1566 677 gallos

158 685 404 735 gallinaceos;
444 684 538 722 alter
575 683 823 730 burdubasta,
862 683 955 722 alter
991 684 1143 734 loripes,
1173 684 1362 724 tertiarius
1392 692 1566 725 mortuus

162 756 230 794 pro
258 748 423 783 mortuo.
452 743 514 792 qui
543 743 707 782 habebat
736 743 867 781 nervia
895 743 1075 793 praecisa.
1132 756 1233 782 unus
1269 743 1425 783 alicuius
1460 745 1565 783 flatu·
1595 754 1635 785 12

159 815 223 842 rae
251 803 319 842 fuit
348 803 514 849 Thraex,
545 802 608 852 qui
637 807 672 841 et
702 802 781 852 ipse
810 802 856 840 ad
886 802 1024 840 dictata
1044 803 1236 852 pugnavit.
1293 804 1339 842 ad
1360 817 1565 852 summam,

166 875 301 901 omnes
331 868 462 912 postea
490 862 584 901 secti
612 866 719 908 sunt;
749 862 844 900 adeo
874 862 920 900 de
949 875 1090 911 magna
1118 862 1230 901 turba
1258 863 1487 901 “adhibete'‘
1508 877 1565 902 ac-

159 927 355 971 ceperant,
387 922 499 972 plane
527 922 638 971 fugae
658 933 798 959 merae.
822 922 991 959 “munus
1011 921 1166 959 tamen'’
1187 921 1308 971 inquit
1329 922 1423 961 “tibi
1442 923 1566 962 dedi‘':
1595 931 1635 962 13

158 986 195 1020 et
223 993 293 1030 ego
321 981 388 1019 tibi
417 981 541 1031 plodo.
599 985 789 1030 computa,
820 986 856 1018 et
885 980 952 1019 tibi
980 981 1065 1030 plus
1095 981 1143 1019 do
1172 993 1286 1030 quam
1316 982 1453 1031 accepi.
1488 996 1566 1021 ma-

160 1053 233 1080 nus
271 1053 432 1079 manum
472 1040 581 1078 lavat.
639 1039 776 1078 videris
818 1039 925 1087 mihi,
965 1039 1247 1090 Agamemnon,
1278 1041 1419 1080 dicere:
1450 1042 1565 1091 “quid
1591 1043 1638 1079 46

159 1101 229 1139 iste
256 1104 405 1150 argutat
434 1099 668 1138 molestus?''
699 1098 787 1148 quia
814 1104 868 1147 tu,
899 1099 962 1148 qui
991 1104 1097 1149 potes
1126 1099 1292 1149 loquere,
1323 1113 1402 1139 non
1430 1101 1563 1150 loquis.

160 1172 240 1198 non
269 1172 309 1198 es
338 1164 494 1198 nostrae
521 1158 672 1205 fasciae,
693 1164 728 1197 et
749 1158 832 1197 ideo
861 1171 1118 1209 pauperorum
1146 1159 1262 1198 verba
1291 1159 1450 1198 derides.
1498 1160 1566 1198 sci-

159 1231 247 1257 mus
278 1223 314 1257 te
342 1231 433 1268 prae
461 1218 604 1257 litteras
633 1219 780 1256 fatuum
810 1231 905 1257 esse.
950 1218 1040 1268 quid
1068 1231 1158 1268 ergo
1187 1222 1267 1257 est?
1307 1219 1432 1268 aliqua
1451 1219 1511 1257 die
1530 1225 1566 1257 te
1615 1227 1634 1257 2

156 1278 422 1328 persuadeam,
451 1282 492 1316 ut
512 1277 558 1316 ad
588 1277 715 1316 villam
744 1276 873 1316 venias
903 1282 939 1316 et
967 1277 1095 1316 videas
1115 1278 1263 1316 casulas
1283 1282 1465 1317 nostras?
1511 1278 1565 1316 in-

157 1337 355 1376 veniemus
388 1338 489 1387 quod
518 1338 808 1384 manducemus,
842 1337 1002 1387 pullum,
1034 1349 1122 1376 ova:
1156 1337 1253 1376 belle
1281 1337 1362 1384 erit,
1392 1337 1505 1376 etiam
1534 1337 1566 1376 si

157 1397 287 1435 omnia
313 1397 388 1435 hoc
415 1410 519 1435 anno
548 1401 754 1447 tempestas
783 1397 965 1448 †dispare
993 1396 1165 1447 pallavit:
1204 1396 1443 1435 inveniemus
1476 1410 1566 1447 ergo

158 1456 261 1494 unde
289 1455 408 1494 saturi
439 1455 589 1494 fiamus.
646 1461 682 1494 et
710 1455 786 1495 iam
815 1455 883 1494 tibi
911 1455 1119 1506 discipulus
1148 1456 1281 1494 crescit
1300 1456 1422 1495 cicaro
1442 1469 1562 1495 meus.
1615 1466 1634 1495 :3

156 1515 232 1554 iam
261 1520 439 1565 quattuor
467 1515 584 1565 partis
612 1515 718 1562 dicit;
749 1515 780 1553 si
809 1515 955 1562 vixerit,
983 1515 1144 1554 habebis
1173 1516 1220 1554 ad
1239 1515 1337 1554 latus
1357 1516 1561 1554 servulum.

155 1587 246 1613 nam
276 1574 455 1625 quicquid
483 1574 533 1612 illi
562 1579 681 1622 vacat,
718 1579 831 1625 caput
859 1575 905 1613 de
933 1575 1063 1614 tabula
1091 1587 1169 1613 non
1198 1574 1304 1613 tollit.
1342 1575 1563 1625 ingeniosus

158 1638 215 1672 est
254 1639 290 1672 et
326 1634 429 1672 bono
459 1634 533 1680 filo,
563 1633 677 1672 etiam
706 1634 738 1673 si
766 1634 805 1672 in
835 1646 922 1672 aves
951 1635 1156 1673 morbosus
1186 1639 1254 1673 est.
1310 1647 1379 1684 ego
1407 1633 1459 1672 illi
1486 1633 1563 1672 iam
1613 1643 1634 1673 4

155 1699 232 1732 tres
260 1694 427 1732 cardeles
456 1692 587 1740 occidi,
616 1698 653 1732 et
681 1692 757 1731 dixi
787 1693 874 1743 quia
902 1694 1079 1732 mustella
1107 1694 1282 1732 comedit.
1339 1693 1483 1732 invenit
1510 1698 1562 1732 ta-

154 1765 244 1791 men
265 1752 357 1791 alias
378 1753 525 1799 nenias,
554 1759 591 1791 et
608 1752 860 1792 libentissime
887 1752 1019 1803 pingit.
1067 1758 1235 1792 ceterum
1263 1752 1339 1791 iam
1368 1752 1562 1791 Graeculis
1612 1760 1632 1791 5

154 1812 296 1850 calcem
324 1811 499 1862 impingit
527 1818 563 1851 et
590 1812 746 1851 Latinas
775 1812 897 1862 coepit
934 1825 1013 1851 non
1041 1812 1142 1851 male
1169 1817 1358 1863 appetere,
1388 1812 1502 1850 etiam
1531 1811 1562 1850 si

154 1871 335 1922 magister
372 1871 452 1910 eius
487 1871 558 1910 sibi
598 1872 752 1922 placens
780 1871 838 1910 sit.
875 1884 947 1910 nec
974 1884 1052 1910 uno
1080 1872 1163 1910 loco
1192 1871 1377 1919 consistit,
1406 1872 1472 1910 sed
1501 1884 1563 1909 ve-

154 1929 223 1978 nit,
252 1931 340 1969 dem
366 1931 522 1978 litteras,
553 1932 619 1970 sed
649 1944 727 1969 non
756 1931 834 1970 vult
862 1931 1047 1970 laborare.
1104 1936 1161 1970 est
1189 1936 1225 1969 et
1253 1931 1346 1969 alter
1375 1943 1454 1969 non
1484 1930 1562 1980 qui·
1611 1938 1631 1969 6

154 1990 241 2028 dem
279 1990 424 2037 doctus,
463 1991 529 2029 sed
567 1990 753 2038 curiosus,
791 1990 853 2040 qui
892 1990 976 2040 plus
1016 1991 1126 2029 docet
1154 2003 1269 2039 quam
1298 1989 1379 2028 scit.
1434 1990 1561 2039 itaque

154 2048 295 2088 feriatis
323 2048 457 2088 diebus
487 2050 582 2088 solet
610 2050 769 2088 domum
806 2049 948 2097 venire,
986 2054 1022 2088 et
1060 2050 1237 2099 quicquid
1274 2049 1434 2097 dederis,
1472 2062 1562 2088 con-

154 2113 282 2147 tentus
311 2114 379 2147 est.
437 2109 513 2147 emi
541 2121 632 2159 ergo
670 2121 774 2148 nunc
802 2121 919 2159 puero
948 2109 1090 2158 aliquot
1115 2109 1214 2147 libra
1241 2109 1443 2156 rubricata,
1474 2108 1562 2157 quia
1612 2115 1629 2148 7

154 2167 239 2206 volo
267 2167 374 2207 illum
403 2168 450 2207 ad
479 2168 747 2207 domusionem
775 2168 915 2219 aliquid
945 2169 991 2207 de
1019 2168 1101 2207 iure
1128 2173 1292 2219 gustare.
1331 2168 1447 2206 habet
1466 2168 1561 2206 haec

154 2239 214 2265 res
243 2240 394 2278 panem.
452 2241 542 2266 nam
570 2227 703 2266 litteris
732 2228 823 2266 satis
852 2227 1073 2278 inquinatus
1102 2233 1169 2266 est.
1227 2228 1327 2277 quod
1357 2227 1388 2266 si
1424 2226 1560 2265 resilie-

259 2375 280 2409 3
305 2386 340 2410 u.
359 2376 403 2409 26
430 2376 526 2419 quod
545 2377 610 2410 Br.
629 2397 673 2401 --
699 2376 898 2410 Mammaea
915 2378 979 2411 Βν.
1000 2375 1190 2416 (Mammea
1210 2390 1250 2404 z
1266 2374 1494 2422 Μαμμὲαςῗ).
1516 2393 1558 2397 --

160 2426 204 2460 10
227 2429 384 2462 staturae
409 2429 585 2472 Scheffer;
607 2430 698 2465 viell.
719 2429 912 2464 facturae*.
940 2449 983 2453 —
1013 2430 1054 2463 12
1080 2429 1253 2464 adhebete
1270 2430 1318 2463 H.
1345 2449 1388 2453 —
1415 2428 1456 2462 21
1486 2427 1559 2471 pul-

158 2479 245 2514 lavit
269 2482 416 2526 Reiske;
439 2485 478 2516 in
503 2482 642 2526 dispare
667 2483 775 2517 steckt
797 2483 886 2517 viell.
914 2482 1077 2526 dipsare*
1105 2497 1147 2510 =
1175 2482 1293 2530 διψῆν,
1318 2483 1386 2526 vyl.
1413 2493 1440 2516 c.
1464 2484 1519 2523 46,
1538 2483 1560 2514 2

154 2532 305 2568 siccitas.
332 2555 376 2560 —
401 2535 446 2568 26
472 2536 567 2579 quod
593 2537 656 2571 Br.
684 2554 727 2559 —
754 2536 798 2570 ⁶29
825 2536 875 2578 fit]
903 2536 978 2579 ΒΛ,
1004 2536 1092 2570 doch
1116 2536 1181 2579 vyl.
1206 2547 1232 2570 c.
1251 2538 1306 2578 71,
1326 2538 1356 2569 1.
1408 2534 1559 2568 Danach

155 2587 244 2621 wohl
270 2588 345 2621 eine
369 2588 487 2622 Lic’cke
512 2590 758 2623 anzusetzen*.
