1732 2844
120 325 162 356 15

119 383 161 414 16

120 502 161 534 17

120 620 162 652 18

764 168 810 172 ,-
871 145 917 183 12
975 168 1020 172 -

192 261 338 294 tantum
380 255 451 294 sibi
489 256 663 306 placeret.
721 269 825 295 nunc
868 256 1030 307 populus
1069 262 1126 295 est
1169 257 1271 295 domi
1313 258 1455 306 leones,
1497 258 1598 298 foras

189 316 332 365 vulpes.
389 317 490 365 quod
519 317 567 354 ad
595 329 658 354 me
700 316 844 362 attinet,
875 317 950 355 iam
991 329 1140 366 pannos
1176 330 1283 355 meos
1313 318 1471 365 comedi,
1501 323 1537 356 et
1566 319 1598 357 si

189 380 405 425 perseverat
433 376 529 414 haec
557 388 727 422 annona,
757 376 904 415 casulas
933 389 1039 414 meas
1069 377 1243 415 vendam.
1301 377 1391 426 quid
1420 377 1523 416 enim
1543 378 1599 416 fu-

190 440 318 473 turum
356 440 423 482 est,
460 435 491 473 si
521 448 592 473 nec
619 435 669 473 dii
698 448 769 473 nec
797 436 973 474 homines
1002 436 1116 474 huius
1146 436 1316 475 coloniae
1345 436 1598 476 miserentur?

189 494 240 532 ita
269 507 376 532 meos
404 494 604 542 fruniscar,
635 499 675 532 ut
705 507 774 544 ego
806 500 896 544 puto
927 495 1057 534 omnia
1085 495 1146 534 illa
1175 509 1196 533 a
1216 496 1340 534 diibus
1361 496 1453 535 fieri.
1484 508 1599 534 nemo

190 554 292 593 enim
313 554 460 592 caelum
481 555 628 592 caelum
650 559 767 604 putat,
790 567 905 592 nemo
926 555 1109 593 ieiunium
1122 560 1256 601 servat,
1270 556 1519 594 nemolovem
1534 555 1598 605 pili

188 614 286 660 facit,
318 614 383 651 sed
413 626 548 651 omnes
578 614 718 663 opertis
748 613 865 652 oculis
891 615 994 652 bona
1023 628 1092 652 sua
1112 620 1345 664 computant.
1393 620 1506 653 antea
1526 619 1601 653 sto-

188 673 286 711 latae
326 673 434 711 ibant
471 673 585 711 nudis
623 673 783 722 pedibus
820 673 859 711 in
889 674 1039 720 clivum,
1069 674 1191 723 passis
1221 674 1376 724 capillis,
1405 674 1600 713 mentibus

190 733 306 783 puris,
337 738 372 771 et
400 732 527 770 Iovem
555 745 695 781 aquam
724 733 945 771 exorabant.
1002 733 1128 782 itaque
1158 734 1285 772 statim
1313 735 1495 773 urceatim
1524 735 1600 784 plo-

189 792 318 831 vebat:
349 796 413 830 aut
442 797 534 830 tunc
559 796 625 830 aut
652 805 871 841 nunquam:
902 798 938 831 et
967 806 1102 831 omnes
1131 793 1305 832 redibant
1333 794 1397 832 udi
1417 798 1601 843 tanquam

190 864 331 890 mures
388 851 515 900 itaque
544 850 594 889 dii
623 852 737 901 pedes
765 852 913 890 lanatos
941 853 1097 899 habent,
1129 853 1216 902 quia
1245 865 1316 891 nos
1336 853 1501 903 religiosi
1520 866 1600 892 non

191 924 338 949 sumus.
395 911 474 960 agri
503 911 689 949 iacent’—

299 972 378 1009 ‘oro
407 970 455 1008 te*
485 970 607 1019 inquit
636 970 781 1008 Echion
811 971 1056 1009 centonarius
1086 971 1234 1009 ‘melius
1263 972 1428 1020 loquere.
1459 972 1600 1010 “modo

191 1031 255 1077 sic,
284 1031 400 1068 modo
432 1028 510 1068 sic'’
539 1030 663 1079 inquit
691 1029 873 1076 rusticus;
895 1030 1043 1068 varium
1064 1044 1222 1080 porcum
1243 1031 1469 1080 perdiderat.
1500 1032 1601 1081 quod

189 1090 304 1128 hodie
331 1103 411 1128 non
441 1094 510 1137 est⁷
540 1102 623 1128 cras
652 1089 739 1128 erit:
770 1090 823 1127 sic
852 1090 928 1128 vita
956 1091 1131 1129 truditur.
1179 1103 1257 1128 non
1279 1091 1517 1130 mehercules
1538 1105 1600 1141 pa-

191 1150 262 1188 tria
286 1149 419 1187 melior
448 1149 520 1187 dici
549 1154 684 1199 potest,
715 1149 746 1187 si
765 1149 943 1188 homines
963 1151 1132 1188 haberet.
1163 1151 1229 1188 sed
1248 1150 1395 1189 laborat
1414 1151 1488 1189 hoc
1508 1156 1602 1189 tem-

191 1222 296 1259 pore⁷
326 1222 397 1247 nec
423 1209 519 1247 haec
548 1209 640 1247 sola.
697 1222 777 1247 non
806 1210 990 1248 debemus
1010 1210 1157 1248 delicati
1175 1223 1271 1257 esse⁷
1292 1210 1433 1259 ubique
1453 1211 1601 1249 medius

192 1269 318 1307 caelus
360 1273 428 1306 est.
486 1274 526 1306 tu
556 1268 587 1306 si
616 1268 754 1307 alicubi
781 1269 909 1315 fueris,
939 1269 1041 1307 dices
1069 1270 1132 1307 hic
1160 1282 1296 1319 porcos
1323 1274 1450 1308 coctos
1470 1270 1601 1308 ambu-

190 1329 281 1367 lare.
303 1333 339 1366 et
359 1341 445 1366 ecce
463 1328 632 1366 habituri
652 1341 786 1366 sumus
809 1341 952 1366 munus
973 1329 1180 1368 excellente
1202 1329 1240 1366 in
1262 1329 1387 1367 triduo
1409 1329 1468 1367 die
1487 1329 1600 1376 sesta3

191 1388 333 1426 familia
353 1400 430 1426 non
451 1388 650 1434 lanisticia,
671 1388 736 1426 sed
757 1388 910 1437 plurimi
936 1388 1072 1427 liberti.
1129 1393 1165 1427 et
1199 1388 1308 1427 Titus
1337 1393 1467 1427 noster
1496 1401 1600 1438 mag-

193 1461 287 1486 num
316 1447 490 1485 animum
518 1447 636 1485 habet
664 1452 700 1485 et
729 1452 786 1485 est
814 1447 1120 1486 caldicerebrius:
1148 1452 1213 1486 aut
1231 1448 1305 1486 hoc
1325 1452 1390 1486 aut
1409 1448 1501 1486 illud
1521 1447 1602 1495 erit⁷

193 1508 282 1557 quid
311 1508 452 1556 utique.
509 1520 600 1545 nam
629 1507 680 1545 illi
709 1507 939 1546 domesticus
967 1520 1066 1554 sum,
1096 1520 1176 1546 non
1197 1512 1253 1546 est
1271 1507 1423 1545 mixcix.
1459 1506 1603 1546 ferrum

192 1567 379 1617 optimum
409 1568 566 1605 daturus
596 1572 665 1614 est,
695 1567 778 1605 sine
803 1568 903 1617 fuga,
933 1567 1149 1606 carnarium
1178 1568 1215 1605 in
1237 1567 1376 1613 medio,
1396 1571 1438 1604 ut
1457 1567 1603 1616 amphi-

192 1628 338 1666 theater
366 1627 501 1665 videat.
559 1632 595 1665 et
623 1627 740 1665 habet
768 1627 887 1665 unde:
917 1627 1090 1666 relictum
1120 1632 1177 1666 est
1205 1627 1256 1665 illi
1286 1626 1501 1665 sestertium
1539 1626 1603 1665 tri-

193 1686 347 1734 centies,
386 1686 547 1726 decessit
584 1686 682 1724 illius
720 1691 826 1736 pater
852 1687 962 1724 male.
1020 1692 1060 1725 ut
1090 1686 1368 1736 quadringenta
1395 1686 1603 1736 impendat,

194 1759 273 1784 non
299 1746 435 1784 sentiet
464 1745 738 1796 patrimonium
758 1746 869 1792 illius,
899 1751 935 1784 et
955 1746 1187 1796 sempiterno
1207 1746 1480 1786 nominabitur.
1527 1745 1603 1784 iam

192 1806 342 1844 Manios
371 1806 514 1854 aliquot
550 1805 667 1844 habet
697 1810 732 1843 et
760 1805 960 1844 mulierem
990 1805 1222 1844 essedariam
1242 1810 1278 1844 et
1298 1805 1603 1855 dispensatorem

194 1865 383 1915 Glyconis,
415 1865 479 1914 qui
508 1865 771 1915 deprehensus
792 1870 860 1912 est,
882 1878 970 1903 cum
990 1865 1187 1904 dominam
1208 1879 1318 1904 suam
1339 1865 1600 1904 delectaretur.

193 1924 338 1963 videbis
375 1924 505 1974 populi
542 1924 666 1963 rixam
704 1925 803 1964 inter
841 1925 1031 1975 zelotypos
1068 1929 1104 1963 et
1132 1925 1428 1963 amasiunculos.
1486 1924 1601 1974 Glyco

193 1989 333 2031 autem,
363 1983 615 2022 sestertiarius
643 1984 774 2031 homoy
804 1984 1107 2034 dispensatorem
1136 1985 1183 2022 ad
1212 1984 1353 2023 bestias
1382 1984 1494 2022 dedit.
1529 1984 1603 2022 hoc

194 2048 249 2082 est
287 2056 328 2081 se
356 2043 483 2093 ipsum
512 2044 721 2082 traducere.
779 2044 869 2093 quid
898 2057 1031 2082 servus
1059 2044 1238 2094 peccavit,
1269 2044 1333 2094 qui
1362 2048 1515 2082 coactus
1546 2047 1603 2081 est

193 2103 339 2141 facere?
368 2103 489 2152 magis
518 2103 581 2142 illa
608 2103 761 2141 matella
790 2103 904 2153 digna
929 2103 997 2142 fuit
1027 2116 1141 2152 quain
1170 2108 1302 2142 taurus
1331 2103 1497 2142 iactaret.
1536 2103 1603 2141 sed

195 2162 259 2211 qui
286 2162 440 2200 asinum
470 2175 548 2201 non
577 2167 712 2212 potest,
744 2167 907 2201 stratum
936 2163 1067 2201 caedit.
1125 2163 1214 2212 quid
1243 2168 1371 2201 autem
1401 2162 1516 2212 Glyco
1535 2174 1603 2212 pu·

194 2222 298 2260 tabat
338 2222 594 2271 Hermogenis
632 2221 768 2260 filicem
809 2235 982 2271 unquam
1019 2223 1165 2260 bonum
1207 2222 1350 2260 exitum
1389 2222 1602 2260 facturam?

194 2281 254 2319 ille
281 2281 397 2320 milvo
426 2281 567 2320 volanti
595 2286 743 2332 poterat
771 2295 920 2331 ungues
949 2294 1141 2329 resecare3
1171 2282 1326 2320 colubra
1354 2285 1494 2319 restem
1522 2293 1602 2318 non

301 2430 323 2462 4
348 2429 424 2463 eius
450 2430 497 2464 H.
525 2450 569 2454 —
601 2430 623 2463 5
649 2429 708 2463 illa
734 2429 908 2464 aedilibus
934 2431 980 2465 H.
1008 2449 1051 2453 ——
1080 2430 1124 2463 10
1150 2429 1314 2463 ridebant
1337 2432 1378 2463 ut
1408 2429 1456 2463 dii
1481 2430 1530 2463 H.
1560 2431 1601 2452 ¹——

198 2484 239 2516 17
265 2483 352 2525 sola]
380 2494 444 2516 sua
462 2484 509 2517 H.
530 2504 573 2507 —
602 2483 645 2516 18
670 2482 780 2517 aliubi
797 2485 863 2517 Βν.
884 2503 925 2507 -
956 2484 997 2517 19
1024 2483 1116 2517 inter
1142 2483 1212 2516 duo
1230 2483 1273 2516 H
1293 2483 1398 2522 (nach
1414 2483 1459 2517 A.
1474 2483 1604 2516 Funclc

198 2551 239 2564 Ξ
258 2535 295 2569 in
312 2536 461 2577 terduo).
483 2555 525 2559 ——
551 2536 595 2569 22
614 2537 708 2579 quod
726 2538 768 2570 H
788 2536 897 2578 (illud,
918 2536 984 2571 erit
1002 2536 1086 2580 quid
1104 2536 1226 2580 utique
1246 2537 1422 2569 verbindet
1438 2536 1603 2569 Wacker-

195 2590 308 2633 mayel,
337 2589 447 2623 Arek.
473 2591 501 2632 f.
529 2590 588 2624 lat.
607 2590 694 2623 Lex.
713 2591 753 2623 X
760 2591 786 2624 V
790 2616 800 2633 7
826 2591 918 2632 216).
944 2608 990 2613 -
1021 2590 1066 2623 92
1097 2588 1223 2623 miscix
1247 2591 1311 2623 Br.
1340 2609 1384 2614 --
1410 2588 1455 2623 23
1481 2588 1604 2632 ampli·

195 2646 311 2677 teatur
335 2643 384 2676 H.

1628 798 1671 831 10

1628 1097 1670 1129 15

1629 1393 1673 1426 20

1629 1691 1673 1724 25

1628 1988 1673 2020 30

1628 2285 1673 2318 35
