1737 2823
91 722 134 754 10

92 1017 134 1050 15

91 1313 134 1346 20

92 1610 135 1642 25

93 1908 138 1941 30

748 73 979 107 -3-

265 194 337 220 nos
367 182 439 221 iam
470 183 516 220 ad
547 181 751 221 triclinium
782 195 1091 231 perveneramus,
1122 182 1159 221 in
1190 183 1297 221 cuins
1319 190 1423 234 parte
1444 185 1565 235 prima

160 247 382 292 procurator
403 241 568 280 rationes
582 241 799 290 accipiebat.
834 246 869 279 et
886 242 986 290 quod
1007 242 1208 291 praecipue
1228 243 1386 280 miratus
1408 257 1505 289 sum,
1527 245 1564 283 in

160 299 332 351 postibus
362 300 512 338 triclinii
542 302 660 339 fasces
689 306 797 338 erant
827 313 913 338 cum
943 300 1140 339 securibus
1167 301 1242 347 fixi,
1265 315 1427 350 quorum
1449 317 1563 342 unam

160 364 306 410 partem
336 359 443 409 quasi
473 359 667 397 embolum
698 359 804 397 navis
825 372 987 397 aeneum
1008 359 1174 406 finiebat,
1197 359 1232 397 in
1257 374 1331 410 quo
1353 368 1430 400 erat
1452 363 1566 412 scrip-

160 424 260 458 tum:
292 419 345 458 ⁴C.
375 418 558 468 Pompeio
575 417 864 464 Trimalchioni,
886 418 1008 456 seviro
1028 419 1240 468 Augustali,
1262 419 1474 459 Cinnamus
1495 422 1566 459 dis-

159 478 363 529 pensator'.
394 478 465 516 sub
495 479 628 516 eodem
658 477 764 516 titulo
794 483 829 516 et
856 477 1013 516 lucerna
1034 477 1220 527 bilychnis
1241 479 1286 517 de
1307 492 1457 518 camera
1478 493 1565 530 pen-

158 538 283 585 debat,
313 542 348 576 et
377 537 474 575 duae
502 537 652 575 tabulae
682 537 719 575 in
749 541 910 586 utroque
940 542 1046 587 poste
1075 538 1232 584 defixae,
1253 551 1416 587 quarum
1438 540 1564 586 altera,

160 597 190 636 si
220 597 318 635 bene
346 596 516 643 memini,
546 597 619 635 hoe
638 596 804 635 habebat
825 596 1068 646 inscriptum:
1098 597 1170 635 ⁴111.
1192 602 1228 635 et
1248 597 1367 647 pridie
1386 598 1567 637 kalendas

159 655 354 695 lanuarias
382 654 423 695 C.
455 661 584 694 noster
612 656 712 694 foras
742 655 874 702 oenat',
904 656 1021 694 altera
1047 655 1162 694 lunae
1182 669 1336 695 cursum
1358 657 1569 696 stellarum-

160 728 234 766 que
262 719 406 765 septem
438 715 621 765 imagines
650 714 786 765 pictas3
817 720 853 753 et
882 714 943 764 qui
965 714 1044 753 dies
1065 715 1156 753 boni
1177 715 1317 765 quique
1336 716 1569 755 incommodi

159 779 301 820 essent,
331 773 586 824 distinguente
615 774 718 812 bulla
747 774 991 812 notabantur.

265 832 324 872 his
360 833 491 883 repleti
529 833 785 883 voluptatibus
822 845 910 871 cum
946 846 1174 872 conaremur
1212 834 1250 872 in
1280 833 1487 873 triclinium
1515 834 1569 873 in-

160 899 273 940 trare,
309 892 533 932 exclamavit
569 905 670 931 unus
709 905 755 930 ex
783 892 924 942 pueris,
954 892 1018 942 qui
1047 906 1160 943 super
1188 893 1262 931 hoc
1291 893 1464 932 officium
1491 899 1570 932 erat

160 952 325 1002 positus:
366 953 512 990 ‘dextro
542 952 662 1001 pede'.
720 951 803 990 sine
831 951 947 990 dubio
977 952 1168 1002 paulisper
1203 952 1487 1002 trepidavimus,
1523 966 1571 992 ne

161 1017 295 1051 contra
333 1016 579 1061 praeceptum
615 1011 751 1060 aliquis
787 1016 964 1049 nostrum
1001 1011 1118 1050 limen
1153 1011 1345 1051 transiret.
1403 1017 1571 1051 ceterum

160 1075 202 1110 ut
238 1070 378 1121 pariter
415 1070 607 1109 movimus
647 1071 801 1109 dextros
839 1083 1006 1120 gressus,
1037 1083 1171 1109 servus
1201 1070 1311 1109 nobis
1341 1071 1571 1121 despoliatus

162 1129 362 1180 procubuit
389 1130 437 1168 ad
465 1130 581 1180 pedes
610 1142 655 1169 ac
683 1143 817 1180 rogare
837 1129 971 1180 eoepit,
1004 1135 1042 1168 ut
1072 1143 1112 1169 se
1141 1143 1289 1180 poenae
1319 1130 1568 1180 eriperemus:

161 1202 232 1229 nec
259 1202 444 1239 magnum
473 1202 557 1228 esse
586 1194 784 1239 peccatum
813 1202 939 1237 suurn,
970 1194 1123 1240 propter
1152 1190 1254 1239 quod
1278 1189 1568 1239 periclitaretur,

160 1249 349 1288 subducta
376 1249 480 1287 enim
509 1248 580 1287 sibi
609 1248 838 1288 vestimenta
867 1248 1141 1299 dispensatoris
1161 1248 1201 1288 in
1223 1249 1372 1295 balneo,
1393 1262 1490 1299 quae
1510 1249 1570 1287 vix

159 1308 321 1348 fuissent
348 1308 481 1347 decem
508 1308 783 1348 sestertiorum.
840 1308 1055 1347 rettulimus
1074 1321 1163 1359 ergo
1185 1309 1339 1348 dextros
1360 1310 1474 1358 pedes
1497 1308 1571 1347 dis-

161 1372 481 1418 pensatoremque
508 1367 547 1406 in
577 1367 673 1406 atrio
701 1381 839 1406 aureos
859 1372 1129 1407 numerantem
1150 1368 1340 1417 deprecati
1359 1380 1508 1415 sumus,
1529 1373 1570 1406 ut

1617 430 1636 459 ῑῦ

1621 1255 1640 1287 8

1621 1315 1640 1346 9

162 1440 271 1466 servo
299 1426 508 1466 remitteret
536 1440 713 1477 poenam.
770 1427 958 1477 superbus
987 1426 1049 1465 ille
1077 1427 1229 1466 sustulit
1256 1427 1402 1466 vultum
1422 1432 1458 1466 et
1479 1428 1570 1466 ‘non
1599 1433 1642 1466 10

161 1491 241 1526 tam
268 1486 413 1525 iactura
430 1499 493 1525 me
511 1487 650 1526 movet’
671 1485 794 1536 inquit
814 1488 944 1536 ‘quam
964 1485 1195 1537 negligentia
1215 1485 1440 1535 nequissimi
1461 1485 1570 1525 servi.

161 1545 388 1585 vestimenta
416 1558 502 1584 mea
529 1545 714 1584 cubitoria
742 1545 915 1596 perdidit,
946 1558 1043 1595 quae
1069 1545 1165 1584 mihi
1194 1546 1310 1584 natali
1338 1558 1424 1584 meo
1454 1545 1571 1584 cliens
1599 1551 1640 1583 11

162 1605 318 1656 quidam
345 1606 565 1652 donaverat,
594 1604 708 1655 Tyria
737 1605 819 1644 sine
848 1604 977 1652 dubio,
1007 1606 1074 1644 sed
1102 1605 1178 1643 iam
1208 1605 1326 1643 semel
1354 1605 1442 1643 lota.
1482 1604 1571 1654 quid

162 1677 252 1716 ergo
280 1667 362 1703 est?
419 1665 520 1703 dono
550 1663 657 1703 vobis
686 1664 801 1703 eum'.

269 1722 422 1774 obligati
456 1728 535 1762 tam
569 1723 703 1774 grandi
738 1723 924 1762 beneficio
953 1736 1041 1762 cum
1070 1722 1322 1762 intrassemus
1351 1722 1570 1769 triclinium,
1596 1724 1642 1760 31

163 1782 327 1822 occurrit
354 1782 467 1822 nobis
495 1782 556 1822 ille
584 1783 685 1821 idem
706 1795 851 1830 servus,
873 1796 942 1832 pro
963 1795 1037 1832 quo
1056 1795 1340 1832 rogaveramus,
1362 1787 1398 1821 et
1418 1786 1574 1831 stupen-

162 1842 264 1882 tibus
293 1841 525 1893 spississima
553 1842 660 1881 basia
688 1841 843 1892 impegit
863 1840 1001 1892 gratias
1019 1854 1137 1891 agens
1156 1841 1386 1880 humanitati
1406 1846 1572 1880 nostrae.

163 1901 225 1940 ‘ad
253 1914 458 1948 summam,
488 1900 615 1940 statim
635 1900 775 1939 scietis'
796 1901 847 1940 ait
867 1900 939 1939 ‘cui
968 1900 1145 1940 dederitis
1165 1900 1405 1940 beneficium.
1442 1899 1573 1938 vinum

164 1960 397 2000 dominicum
426 1959 696 2000 ministratoris
724 1961 843 2010 gratia
871 1965 928 1999 est

861 2027 881 2048 *

271 2080 426 2118 tandem
446 2092 536 2129 ergo
553 2078 818 2118 discubuimus
838 2078 964 2129 pueris
984 2077 1254 2117 Alexandrinis
1275 2091 1414 2127 aquam
1435 2077 1474 2115 in
1494 2091 1572 2116 ma-

165 2151 239 2177 nus
274 2138 441 2177 nivatam
475 2137 767 2177 infundentibus
806 2137 964 2187 aliisque
992 2136 1283 2187 insequentibus
1311 2137 1358 2175 ad
1387 2137 1502 2186 pedes
1531 2149 1575 2174 ac

164 2198 398 2248 paronychia
435 2210 523 2236 cum
560 2197 705 2248 ingenti
743 2197 950 2236 subtilitate
989 2196 1219 2236 tollentibus.
1277 2209 1320 2235 ae
1357 2209 1406 2234 ne
1435 2196 1474 2234 in
1501 2196 1575 2234 hoc

165 2257 319 2308 quidem
348 2262 427 2296 tam
455 2257 616 2296 molesto
644 2257 822 2296 tacebant
850 2256 985 2304 officio,
1016 2257 1083 2296 sed
1104 2256 1224 2295 obiter
1258 2256 1476 2302 cantabant,
1506 2267 1574 2304 ego

166 2316 328 2367 experiri
356 2316 469 2364 volui,
498 2330 547 2355 an
577 2321 656 2355 tota
684 2316 826 2355 familia
845 2321 1025 2364 cantaret,
1046 2315 1173 2365 itaque
1192 2315 1388 2365 potionem
1407 2313 1573 2364 poposci.

167 2374 430 2425 paratissimus
458 2389 553 2426 puer
581 2389 661 2415 non
689 2375 818 2414 minus
848 2388 910 2414 me
938 2375 1045 2414 acido
1074 2374 1220 2414 cantico
1241 2373 1397 2424 excepit,
1420 2378 1456 2412 et
1476 2372 1574 2422 quis-

168 2433 252 2483 quis
280 2433 421 2484 aliquid
449 2439 603 2485 rogatus
624 2439 703 2474 erat
722 2439 764 2473 ut
784 2435 890 2473 daret
1155 2432 1380 2484 pantomimi
1401 2433 1573 2478 chorum,

279 2559 300 2591 5
326 2557 388 2592 Cn.
409 2558 457 2591 H.
484 2578 528 2582 —
554 2558 597 2591 21
625 2557 715 2592 atrio
726 2557 754 2599 ἓ]
781 2555 941 2601 precario
959 2557 1007 2590 H.
1035 2575 1076 2579 —-
1104 2555 1149 2589 24
1175 2553 1391 2589 accubitoria
1415 2553 1574 2597 Lipsius.

1399 2623 1432 2649 1*
