1737 2823
52 779 96 812 10

51 1074 94 1107 15

46 1373 93 1407 20

44 1670 91 1702 25

44 1965 90 1998 30

41 2261 88 2293 35

709 129 857 166 -33
919 152 959 155 ἡ,

126 240 221 280 nihil
258 240 394 279 melius
431 253 515 279 csse
553 239 699 278 dicebat
739 252 853 289 quam
894 240 976 278 sine
1014 241 1126 278 turba
1159 240 1287 287 lavari,
1318 247 1352 279 ct
1382 255 1425 280 eo
1456 242 1535 292 ipso

125 300 208 339 loco
247 299 452 349 aliquando
491 298 693 349 pistrinum
732 299 860 337 fuisse.
916 299 1052 337 deinde
1091 305 1130 338 ut
1160 300 1322 338 lassatus
1352 302 1535 348 ‹·0nsedit‚

124 359 305 398 invitatus
340 359 465 397 balnei
500 371 596 396 sono
625 358 771 396 diduxit
801 370 921 407 usque
951 359 997 396 ad
1027 372 1219 397 cameram
1248 372 1291 398 os
1322 361 1468 398 ebrium
1499 367 1534 399 et

125 419 247 469 coepit
284 418 510 457 Menecratis
547 417 693 455 cantica
730 417 908 464 lacerare,
947 417 1043 456 sicut
1073 418 1123 455 illi
1158 418 1345 464 dicebant,
1375 420 1437 467 qui
1465 419 1535 457 lin-

123 491 238 528 guam
267 478 349 517 eius
378 476 659 526 intellegebant.
715 477 829 514 ceteri
857 476 1041 514 convivae
1069 477 1167 515 circa
1187 477 1336 515 labrum
1357 478 1535 518 manibus

123 537 233 576 nexis
262 536 466 575 currebant
495 540 531 573 et
559 535 767 585 gingilipho
799 535 942 585 ingenti
972 535 1138 574 clamore
1166 537 1416 574 exsonabant.
1474 537 1533 575 alii

124 601 251 635 autem
281 596 380 644 [aut]
410 595 591 634 restrictis
620 594 800 633 manibus
830 595 966 633 anulos
986 595 1032 633 de
1061 595 1276 644 pavimento
1297 596 1534 634 conabantur

123 655 254 694 tollere
290 660 355 694 aut
393 655 516 705 posito
553 667 654 704 genu
693 654 856 692 cervices
894 659 980 704 post
1019 658 1123 704 terga
1151 654 1301 693 flectere
1329 660 1366 692 et
1395 656 1533 704 pedum

122 719 313 754 extremos
342 713 495 764 pollices
524 718 692 763 tangere.
750 726 835 759 nos,
864 713 956 751 dum
986 713 1046 751 alii
1076 713 1147 751 sibi
1174 714 1284 752 ludos
1314 713 1467 759 faciunt,
1495 715 1531 752 in

121 774 231 821 solio,
262 774 363 823 quod
392 772 667 812 Trimalchioni
702 772 997 822 temperabatur,
1027 772 1307 811 descendimus.

228 845 319 883 ergo
341 833 522 871 ebrietate
560 832 733 870 discussa
771 831 807 869 in
839 831 941 869 aliud
970 831 1175 869 triclinium
1205 832 1354 870 deducti
1384 845 1532 874 sumus.

120 892 186 931 ubi
215 893 425 931 Fortunata
452 891 691 941 disposuerat
718 890 884 929 lautitias
914 891 1038 938 [suas]
1066 891 1117 928 ita
1145 896 1186 928 ut
1215 904 1330 941 supra
1357 891 1532 930 lucernas

361 951 615 1000 aeneolosque
644 950 851 1000 piscatores
880 950 1092 988 notaverim
1121 956 1157 988 et
1177 963 1332 989 mensas
1352 956 1450 989 totas
1476 964 1531 989 ar-

120 1016 276 1061 genteas
305 1010 516 1060 calicesque
545 1010 643 1048 circa
672 1009 802 1048 fictiles
832 1009 1028 1047 inauratos
1057 1014 1094 1047 et
1113 1009 1245 1047 vinum
1266 1010 1304 1047 in
1325 1016 1531 1060 conspectu

120 1083 231 1109 sacco
269 1070 452 1109 defluens.
511 1074 592 1107 tum
633 1069 866 1107 Trimalchio
904 1068 1040 1107 ‘amici’
1083 1069 1207 1118 inquit
1244 1069 1370 1108 ‘hodie
1399 1082 1531 1108 servus

119 1142 230 1168 meus
258 1129 519 1168 barbatoriam
548 1128 646 1174 fecit.
675 1128 794 1167 homo
823 1128 1039 1178 praefiscini
1067 1128 1165 1178 frugi
1185 1133 1220 1166 et
1239 1128 1430 1167 micarius.
1461 1129 1530 1167 ita-

1585 489 1604 518 4

1581 1078 1600 1108 6

120 1201 194 1238 que
230 1193 483 1238 tangomenas
521 1187 704 1226 faciamus
733 1192 770 1226 et
798 1200 920 1237 usque
948 1186 987 1225 in
1016 1188 1143 1226 lucem
1172 1189 1379 1226 cenemus'.
1435 1188 1531 1227 haec
1558 1191 1602 1227 74

119 1247 268 1286 dicente
295 1259 341 1286 eo
369 1246 490 1297 gallus
519 1246 750 1297 gallinaceus
779 1247 955 1285 cantavit.
1012 1259 1088 1296 qua
1116 1259 1208 1285 voce
1236 1247 1420 1286 confusus
1448 1247 1528 1285 Tri-

118 1306 283 1345 malchio
302 1306 434 1345 vinum
455 1306 526 1344 sub
546 1319 683 1344 mensa
702 1306 811 1344 iussit
830 1305 972 1344 effundi
990 1305 1264 1355 lucernamque
1284 1306 1397 1345 etiam
1422 1319 1529 1345 mero

118 1365 258 1416 spargi.
313 1365 432 1404 immo
461 1365 620 1404 anulum
649 1364 793 1404 traiecit
821 1365 861 1403 in
881 1365 1078 1404 dexteram
1098 1378 1258 1404 manum
1279 1371 1314 1404 et
1335 1368 1426 1404 ‘non
1446 1366 1529 1405 sine

117 1425 243 1464 causa’
281 1424 406 1474 inquit
443 1425 517 1463 ‘hic
554 1424 718 1463 bucinus
756 1425 909 1475 signum
944 1424 1064 1471 dedit3
1094 1438 1186 1463 nam
1215 1430 1280 1463 aut
1307 1424 1528 1464 incendium

117 1489 266 1534 oportet
293 1483 369 1530 fiat,
399 1488 464 1522 aut
493 1483 628 1533 aliquis
657 1484 696 1522 in
725 1484 863 1522 vicinia
890 1484 1060 1522 animam
1089 1483 1235 1522 abiciet.
1283 1484 1396 1535 longe
1421 1498 1444 1523 a
1462 1497 1528 1523 no-

117 1543 187 1582 bis.
243 1542 370 1593 itaque
407 1543 579 1593 quisquis
617 1543 722 1581 hunc
758 1543 923 1581 indicem
959 1543 1136 1590 attulerit,
1167 1544 1407 1582 corollarium
1435 1544 1528 1582 acci-

117 1602 217 1652 piet'.
273 1601 374 1641 dicto
403 1601 512 1641 citius
541 1603 588 1640 de
617 1602 754 1641 vicinia
773 1602 894 1652 gallus
915 1602 1050 1641 allatus
1070 1608 1139 1651 est,
1160 1616 1275 1652 quem
1295 1603 1527 1642 Trimalchio

116 1663 237 1700 occidi
264 1661 387 1708 iussit,
416 1667 457 1700 ut
486 1674 582 1700 aeno
612 1667 742 1700 coctus
771 1661 889 1700 fieret.
945 1662 1132 1700 laceratus
1161 1662 1273 1712 igitur
1293 1663 1340 1700 ab
1360 1662 1422 1701 illo
1442 1663 1527 1702 doc·

116 1720 262 1759 tissimo
291 1733 395 1768 coco,
427 1721 490 1770 qui
519 1720 633 1771 paulo
661 1726 750 1760 ante
779 1721 826 1759 de
854 1734 970 1771 porco
990 1734 1078 1760 aves
1099 1722 1297 1772 piscesque
1316 1722 1466 1768 fecerat,
1487 1722 1526 1760 in

116 1780 322 1819 caccabum
359 1785 416 1818 est
454 1780 660 1818 coniectus.
717 1781 886 1829 dumque
922 1780 1112 1819 Daedalus
1149 1781 1344 1832 potionem
1381 1781 1526 1820 ferven-

114 1839 302 1878 tissimam
329 1839 469 1886 haurit,
498 1839 709 1878 Fortunata
736 1839 840 1878 mola
867 1840 992 1878 buxea
1019 1840 1126 1890 piper
1154 1840 1265 1879 trivit.

221 1898 384 1948 sumptis
419 1898 532 1948 igitur
570 1898 721 1937 matteis
755 1898 963 1949 respiciens
1001 1900 1048 1937 ad
1081 1899 1263 1938 familiam
1293 1899 1525 1938 Trimalchio

116 1957 217 2007 ‘quid
246 1958 327 1996 vos'
357 1957 480 2007 inquit
508 1958 648 1996 ‘adhuc
677 1971 755 1996 non
786 1958 978 1997 cenastis‘?
1007 1959 1118 2003 abite,
1149 1964 1190 1997 ut
1218 1959 1279 1997 alii
1303 1959 1457 1998 veniant
1477 1961 1524 1998 ad

115 2015 307 2056 officium’.
355 2017 470 2056 subiit
498 2017 611 2067 igitur
640 2017 712 2055 alia
740 2017 885 2064 classis,
915 2023 950 2056 et
979 2018 1032 2056 illi
1061 2018 1213 2068 quidem
1242 2019 1522 2058 exclamavere:

115 2075 211 2114 ‘vale
247 2074 342 2122 Gai’,
370 2075 412 2114 hi
440 2081 588 2115 autem:
620 2078 701 2115 ‘ave
730 2076 824 2115 Gai'.
881 2077 972 2116 hinc
1001 2077 1168 2127 primum
1197 2078 1366 2117 hilaritas
1395 2084 1524 2117 nostra

113 2129 267 2173 turbata
295 2140 370 2182 est;
401 2148 491 2174 nam
520 2148 608 2174 cum
636 2149 731 2186 puer
759 2149 839 2175 non
867 2136 1105 2187 inspeciosus
1131 2137 1229 2175 inter
1249 2150 1369 2176 novos
1388 2137 1523 2176 intras-

114 2198 171 2232 set
198 2193 409 2240 ministros,
437 2194 576 2233 invasit
603 2207 691 2234 eum
721 2195 953 2234 Trimalchio
982 2201 1019 2234 et
1048 2197 1209 2235 osculari
1228 2196 1369 2235 diutius
1388 2197 1521 2247 coepit.

113 2251 240 2302 itaque
268 2253 489 2301 Fortunata,
518 2259 560 2293 ut
588 2267 635 2292 ex
663 2267 785 2304 aequo
813 2254 872 2294 ius
901 2255 1056 2294 firmum
1084 2255 1324 2306 approbaret,
1353 2256 1452 2295 male
1470 2256 1522 2294 di-

114 2323 198 2351 cere
226 2312 502 2352 Trimalchioni
530 2314 651 2364 coepit
679 2319 716 2352 et
755 2320 1051 2364 purgamentum
1099 2316 1338 2365 dedecusque
1375 2315 1521 2366 praedi-

114 2382 213 2417 care,
242 2372 406 2421 quinon
427 2372 640 2411 contineret
666 2372 864 2412 libidinem
893 2387 1015 2412 suam.
1058 2375 1191 2412 ultimo
1220 2374 1334 2413 etiam
1369 2375 1519 2413 adiecit:

116 2429 257 2469 ‘canis’.
312 2431 544 2470 Trimalchio
579 2437 713 2471 contra
741 2432 909 2472 offensus
938 2433 1108 2472 convicio
1137 2433 1291 2472 calicem
1320 2434 1358 2472 in
1388 2434 1519 2472 faciem
1549 2439 1591 2471 10

222 2560 265 2594 10
288 2560 417 2595 solium
434 2562 500 2596 Br.
527 2580 570 2585 —-
598 2565 815 2606 pervapatur
832 2563 875 2596 H
893 2564 962 2605 (am
982 2563 1109 2597 Raude
1134 2562 1347 2607 parabatur),
1374 2572 1519 2606 vapora-

112 2610 219 2646 batur
243 2612 308 2647 Br.
333 2633 379 2638 —
404 2614 449 2648 34
474 2614 760 2650 trimalchionem
787 2616 834 2649 H.

183 2681 369 2716 Sammlung
388 2683 553 2716 vulgarlat.
568 2684 674 2712 Texte.
704 2685 731 2711 2.
1363 2686 1379 2711 3
