1737 2823
275 474 573 535 Petronii
618 491 791 534 cena
835 472 1375 532 Trimalchionis,

223 670 377 705 venerat
410 665 486 704 iam
523 664 654 703 tertius
689 663 780 709 dies,
817 663 854 701 id
889 668 945 701 est
980 663 1189 713 expectatio
1227 662 1367 701 liberae
1395 675 1524 702 cenae.

52 716 55 721 r
116 726 183 765 sed
221 730 275 764 tot
306 724 527 763 vulneribus
562 723 748 762 confossis
777 723 865 773 fuga
893 722 1014 772 magis
1042 722 1224 772 placebat,
1260 735 1376 771 quam
1405 721 1523 771 quies.

48 1205 91 1238 10

115 785 242 835 itaque
277 797 365 823 cum
400 782 534 822 maesti
570 782 880 828 deliberaremus,
919 794 1088 831 quonam
1117 794 1255 831 genere
1285 786 1525 831 praesentem

116 844 344 883 evitaremus
383 843 598 894 procellam,
632 854 735 880 unus
773 853 905 879 servus
941 840 1246 890 Agamemnonis
1276 840 1525 891 interpellavit

116 903 350 953 trepidantes
379 907 415 941 et
430 902 558 952 ‘quid‘?
587 901 666 940 vos'
694 900 817 950 inquit
842 899 1023 946 ‘nescitis,
1048 899 1162 938 hodie
1182 900 1282 950 apud
1303 912 1416 949 quem
1437 900 1525 938 fiat?

116 962 362 1009 Trimalchio,
400 961 635 1000 lautissimus
669 961 800 1007 homo,
830 959 1070 1010 horologium
1100 958 1139 997 in
1168 958 1330 997 triclinio
1359 964 1395 997 et
1424 959 1525 997 buci-

116 1027 292 1061 natorem
321 1021 434 1060 babet
463 1021 729 1066 subornatum,
759 1024 800 1057 ut
829 1019 992 1058 subinde
1021 1017 1126 1064 sciat,
1161 1024 1347 1068 quantum
1377 1019 1423 1057 de
1451 1017 1526 1056 vita

117 1079 344 1131 perdiderit'.
401 1079 602 1118 amic-imur
631 1092 720 1129 ergo
749 1078 948 1129 diligenter
986 1077 1088 1116 obliti
1119 1077 1294 1116 omnium
1322 1077 1524 1123 malorum,

116 1145 152 1178 et
181 1139 320 1179 Gitona
348 1138 600 1177 libentissime
629 1138 763 1177 servile
792 1137 960 1176 officium
989 1141 1160 1176 tuentem
1189 1149 1311 1186 usque
1331 1137 1404 1175 hoc
1423 1136 1524 1175 iube-

116 1212 203 1238 mus
224 1198 262 1237 in
283 1198 465 1237 balneum
486 1198 605 1248 sequi.
654 1211 726 1236 nos
745 1197 899 1236 interim
928 1196 1050 1236 vestiti
1070 1209 1198 1235 errare
1217 1195 1413 1247 coepimus

117 1258 236 1297 immo
265 1258 380 1297 iocari
409 1257 530 1308 magis
560 1262 596 1296 et
625 1256 774 1296 circulis
804 1257 1033 1304 [ludentem]
1063 1256 1253 1302 accedere,
1284 1268 1372 1294 cum
1401 1255 1527 1294 subito

48 1315 51 1317 ’
117 1318 290 1356 videmus
327 1330 459 1356 senem
498 1317 660 1363 calvum,
699 1315 828 1354 tunica
867 1315 1043 1354 vestitum
1078 1327 1225 1362 russea⁷
1262 1314 1360 1353 inter
1388 1326 1527 1364 pueros

49 1501 91 1532 15

118 1377 311 1428 capillatos
345 1377 538 1416 ludentem
578 1376 664 1426 pila.
721 1388 792 1414 nec
827 1381 906 1414 tam
935 1374 1041 1425 pueri
1071 1387 1155 1420 nos,
1185 1387 1419 1424 quamquam
1448 1378 1529 1413 erat

119 1449 255 1486 operae
284 1436 460 1486 pretium,
490 1436 538 1474 ad
567 1435 828 1486 spectaculum
857 1435 1057 1480 duxerant,
1091 1446 1207 1483 quam
1234 1433 1315 1483 ipse
1343 1438 1449 1483 pater
1477 1433 1528 1471 fa·

117 1494 257 1542 miliae,
288 1494 352 1545 qui
382 1495 548 1534 soleatus
577 1495 652 1545 pila
680 1493 835 1544 prasina
863 1493 1122 1532 exercebatur.
1164 1506 1234 1531 nec
1255 1492 1418 1543 amplius
1444 1505 1529 1531 eam

52 1601 54 1603 Ι
117 1554 310 1605 repetebat
347 1567 444 1604 quae
480 1559 618 1593 terram
653 1553 875 1603 contigerat,
912 1553 978 1591 sed
1011 1552 1138 1591 follem
1173 1552 1330 1602 plenum
1362 1551 1529 1590 habebat

48 1615 51 1622 ⁴
118 1626 251 1652 servus
287 1613 578 1663 sufficiebatque
612 1612 846 1651 ludentibus.
903 1611 1120 1650 notavimus
1157 1610 1271 1650 etiam
1306 1623 1367 1649 res
1396 1623 1528 1649 novas.

47 1796 92 1828 20

47 2094 92 2125 25

49 2388 96 2420 30

118 1685 210 1711 nam
239 1673 315 1711 duo
345 1674 535 1722 spadones
555 1671 595 1710 in
615 1672 764 1711 diversa
783 1676 890 1722 parte
909 1670 1039 1710 circuli
1059 1670 1224 1717 stabant,
1252 1683 1415 1720 quorum
1436 1670 1529 1708 alter

117 1733 311 1771 matellam
339 1732 494 1771 tenebat
523 1736 756 1782 argenteam,
787 1731 880 1769 alter
900 1730 1128 1769 numerabat
1148 1730 1254 1780 pilas,
1277 1742 1353 1767 non
1376 1728 1530 1779 quidem

118 1804 182 1830 eas
219 1803 316 1841 quae
353 1791 452 1829 inter
471 1804 611 1830 manus
631 1791 717 1829 lusu
737 1791 949 1840 expellente
968 1789 1181 1836 vibrabant,
1203 1790 1269 1827 sed
1290 1802 1354 1827 eas
1374 1801 1471 1838 quae
1490 1787 1529 1826 in

118 1855 259 1889 terram
297 1850 534 1889 decidebant.
590 1862 678 1888 cum
714 1849 786 1888 has
823 1862 912 1899 ergo
940 1849 1169 1887 miraremur
1196 1847 1374 1895 lautitias,
1403 1859 1530 1886 accur-

118 1910 166 1948 rit
193 1910 390 1949 Menelaus
419 1914 456 1948 et
485 1909 560 1948 ‘hic
588 1909 657 1948 est'
687 1908 810 1959 inquit
839 1909 955 1959 ‘apud
983 1921 1096 1958 quem
1122 1907 1293 1947 cubitum
1313 1906 1476 1958 ponetis,
1495 1911 1531 1945 et

119 1968 266 2018 quidem
303 1969 380 2008 iam
416 1968 645 2019 principium
683 1981 800 2007 cenae
836 1966 995 2007 videtis'.
1057 1967 1268 2006 etiamnum
1304 1966 1531 2016 loquebatur

118 2027 328 2075 Menelaus,
358 2040 445 2066 cum
475 2026 710 2066 Trimalchio
739 2027 875 2077 digitos
904 2026 1137 2076 concrepuit,
1167 2027 1215 2064 ad
1244 2026 1344 2075 quod
1378 2025 1530 2075 signum

118 2087 312 2126 matellam
347 2088 466 2137 spado
501 2086 646 2126 ludenti
682 2086 852 2125 subiecit.
917 2091 1122 2125 exonerata
1150 2084 1210 2124 ille
1238 2084 1364 2124 vesica
1391 2097 1531 2134 aquam

119 2145 291 2197 poposcit
333 2146 380 2185 ad
422 2159 574 2193 manus,
617 2145 831 2196 digitosque
870 2145 1068 2196 paululum
1111 2145 1313 2194 adspersos
1342 2143 1381 2182 in
1411 2143 1531 2193 capite

119 2205 225 2256 pueri
254 2205 372 2244 tersit.

224 2264 382 2315 longum
412 2269 492 2303 erat
512 2264 661 2315 singula
681 2263 867 2314 excipere.
922 2263 1050 2312 itaque
1076 2262 1302 2301 intravimus
1337 2262 1529 2308 balneum⁷

122 2328 157 2362 et
187 2324 326 2362 sudore
354 2323 499 2362 calfacti
527 2328 724 2362 momento
751 2322 934 2373 temporis
963 2323 1010 2361 ad
1039 2321 1213 2372 frigidam
1239 2321 1399 2360 eximus.
1454 2321 1531 2360 iarn

121 2381 356 2421 Trimalchio
391 2388 588 2433 unguento
623 2382 799 2433 perfusus
828 2381 1058 2432 tergebatur,
1087 2394 1167 2420 non
1195 2380 1333 2428 linteis,
1362 2381 1427 2419 sed
1456 2381 1531 2430 pal-

233 2495 277 2529 10
311 2495 440 2529 balneo
471 2496 526 2538 H,
573 2495 703 2530 balnea
733 2496 798 2529 Br.
837 2515 881 2520 ——
922 2495 968 2529 23
1002 2497 1037 2529 et
1070 2494 1141 2529 iam
1177 2503 1247 2528 non
1285 2493 1307 2527 1.
1339 2493 1448 2526 HBr.
1485 2509 1531 2515 ——

122 2548 168 2582 25
194 2548 333 2582 veseina
358 2549 400 2582 H
417 2559 524 2592 yeyen
550 2549 592 2583 L.

194 2618 379 2651 Sammlung
398 2618 564 2651 vulgarlat.
579 2619 688 2646 Texte.
726 2620 752 2645 2.
1375 2616 1390 2642 1

1550 664 1596 699 2ss

1575 787 1595 819 8

1575 905 1595 937 9

1554 1082 1596 1114 10

1580 1857 1601 1888 4

1580 1974 1600 2006 5

1580 2093 1599 2125 6

1556 2264 1601 2299 28

1580 2329 1601 2360 2
