<?xml version="1.0" encoding="UTF-8"?>
<!DOCTYPE html PUBLIC "-//W3C//DTD XHTML 1.0 Transitional//EN"
    "http://www.w3.org/TR/xhtml1/DTD/xhtml1-transitional.dtd">
<html xmlns="http://www.w3.org/1999/xhtml" xml:lang="en" lang="en">
 <head>
  <title>
</title>
<meta http-equiv="Content-Type" content="text/html;charset=utf-8" />
  <meta name='ocr-system' content='tesseract 3.04.00' />
  <meta name='ocr-capabilities' content='ocr_page ocr_carea ocr_par ocr_line ocrx_word'/>
</head>
<body>
  <div class='ocr_page' id='page_1' title='image "./cenatrimalchion00petruoft_0029.png"; bbox 0 0 1737 2823; ppageno 0'>
   <div class='ocr_carea' id='block_1_1' title="bbox 81 761 126 794">
    <p class='ocr_par' dir='ltr' id='par_1_1' title="bbox 81 761 126 794">
     <span class='ocr_line' id='line_1_1' title="bbox 81 761 126 794; baseline 0 0"><span class='ocrx_word' id='word_1_1' title='bbox 81 761 126 794; x_wconf 92' lang='lat'>10</span> 
     </span>
    </p>
   </div>
   <div class='ocr_carea' id='block_1_2' title="bbox 82 1061 124 1093">
    <p class='ocr_par' dir='ltr' id='par_1_2' title="bbox 82 1061 124 1093">
     <span class='ocr_line' id='line_1_2' title="bbox 82 1061 124 1093; baseline 0 0"><span class='ocrx_word' id='word_1_2' title='bbox 82 1061 124 1093; x_wconf 84' lang='lat'>15</span> 
     </span>
    </p>
   </div>
   <div class='ocr_carea' id='block_1_3' title="bbox 78 1356 124 1389">
    <p class='ocr_par' dir='ltr' id='par_1_3' title="bbox 78 1356 124 1389">
     <span class='ocr_line' id='line_1_3' title="bbox 78 1356 124 1389; baseline 0.022 -1"><span class='ocrx_word' id='word_1_3' title='bbox 78 1356 124 1389; x_wconf 87' lang='lat'>20</span> 
     </span>
    </p>
   </div>
   <div class='ocr_carea' id='block_1_4' title="bbox 80 1653 125 1686">
    <p class='ocr_par' dir='ltr' id='par_1_4' title="bbox 80 1653 125 1686">
     <span class='ocr_line' id='line_1_4' title="bbox 80 1653 125 1686; baseline 0 0"><span class='ocrx_word' id='word_1_4' title='bbox 80 1653 125 1686; x_wconf 83' lang='lat'>25</span> 
     </span>
    </p>
   </div>
   <div class='ocr_carea' id='block_1_5' title="bbox 726 110 983 148">
    <p class='ocr_par' dir='ltr' id='par_1_5' title="bbox 726 110 983 148">
     <span class='ocr_line' id='line_1_5' title="bbox 726 110 983 148; baseline 0 -11"><span class='ocrx_word' id='word_1_5' title='bbox 726 110 983 148; x_wconf 58' lang='lat'>„19—</span> 
     </span>
    </p>
   </div>
   <div class='ocr_carea' id='block_1_6' title="bbox 150 220 1633 1933">
    <p class='ocr_par' dir='ltr' id='par_1_6' title="bbox 150 220 1633 1933">
     <span class='ocr_line' id='line_1_6' title="bbox 154 220 1627 271; baseline 0.003 -11"><span class='ocrx_word' id='word_1_6' title='bbox 154 234 294 260; x_wconf 87' lang='lat' dir='ltr'>manae</span> <span class='ocrx_word' id='word_1_7' title='bbox 322 227 462 263; x_wconf 69' lang='lat' dir='ltr'>essent,</span> <span class='ocrx_word' id='word_1_8' title='bbox 493 220 595 259; x_wconf 86' lang='lat' dir='ltr'>vario</span> <span class='ocrx_word' id='word_1_9' title='bbox 625 233 804 259; x_wconf 85' lang='lat' dir='ltr'>sermone</span> <span class='ocrx_word' id='word_1_10' title='bbox 832 220 1032 270; x_wconf 72' lang='lat' dir='ltr'>gari-imus.</span> <span class='ocrx_word' id='word_1_11' title='bbox 1089 221 1164 259; x_wconf 84' lang='lat' dir='ltr'>‘ita&#39;</span> <span class='ocrx_word' id='word_1_12' title='bbox 1186 221 1307 271; x_wconf 83' lang='lat' dir='ltr'>inquit</span> <span class='ocrx_word' id='word_1_13' title='bbox 1328 223 1558 263; x_wconf 82' lang='lat' dir='ltr'>Trimalchio</span> <span class='ocrx_word' id='word_1_14' title='bbox 1607 235 1627 265; x_wconf 86' lang='lat'><strong>2</strong></span> 
     </span>
     <span class='ocr_line' id='line_1_7' title="bbox 153 279 1558 332; baseline 0.002 -13"><span class='ocrx_word' id='word_1_15' title='bbox 153 285 246 319; x_wconf 78' lang='lat' dir='ltr'>‘non</span> <span class='ocrx_word' id='word_1_16' title='bbox 276 286 424 330; x_wconf 83' lang='lat' dir='ltr'>oportet</span> <span class='ocrx_word' id='word_1_17' title='bbox 453 280 558 318; x_wconf 89' lang='lat' dir='ltr'>hunc</span> <span class='ocrx_word' id='word_1_18' title='bbox 587 292 717 318; x_wconf 85' lang='lat' dir='ltr'>casum</span> <span class='ocrx_word' id='word_1_19' title='bbox 748 279 831 318; x_wconf 88' lang='lat' dir='ltr'>sine</span> <span class='ocrx_word' id='word_1_20' title='bbox 859 279 1106 330; x_wconf 85' lang='lat' dir='ltr'>inscriptione</span> <span class='ocrx_word' id='word_1_21' title='bbox 1144 281 1316 319; x_wconf 80' lang='lat' dir='ltr'>transirc’</span> <span class='ocrx_word' id='word_1_22' title='bbox 1357 282 1558 332; x_wconf 79' lang='lat' dir='ltr'>statimque</span> 
     </span>
     <span class='ocr_line' id='line_1_8' title="bbox 151 338 1557 389; baseline 0.001 -11"><span class='ocrx_word' id='word_1_23' title='bbox 151 338 345 378; x_wconf 87' lang='lat' dir='ltr'>codicillos</span> <span class='ocrx_word' id='word_1_24' title='bbox 376 338 545 389; x_wconf 86' lang='lat' dir='ltr'>poposcit</span> <span class='ocrx_word' id='word_1_25' title='bbox 575 343 610 377; x_wconf 91' lang='lat' dir='ltr'>et</span> <span class='ocrx_word' id='word_1_26' title='bbox 640 351 719 377; x_wconf 88' lang='lat' dir='ltr'>non</span> <span class='ocrx_word' id='word_1_27' title='bbox 748 338 812 376; x_wconf 84' lang='lat' dir='ltr'>diu</span> <span class='ocrx_word' id='word_1_28' title='bbox 842 338 1068 389; x_wconf 82' lang='lat' dir='ltr'>cogitatione</span> <span class='ocrx_word' id='word_1_29' title='bbox 1087 339 1246 378; x_wconf 88' lang='lat' dir='ltr'>distorta</span> <span class='ocrx_word' id='word_1_30' title='bbox 1266 340 1358 378; x_wconf 84' lang='lat' dir='ltr'>haec</span> <span class='ocrx_word' id='word_1_31' title='bbox 1380 341 1557 381; x_wconf 85' lang='lat' dir='ltr'>recitavit:</span> 
     </span>
     <span class='ocr_line' id='line_1_9' title="bbox 364 397 1626 448; baseline 0.002 -12"><span class='ocrx_word' id='word_1_32' title='bbox 364 398 478 447; x_wconf 75' lang='lat' dir='ltr'>‘quod</span> <span class='ocrx_word' id='word_1_33' title='bbox 508 410 585 436; x_wconf 91' lang='lat' dir='ltr'>non</span> <span class='ocrx_word' id='word_1_34' title='bbox 616 402 804 448; x_wconf 84' lang='lat' dir='ltr'>expectes,</span> <span class='ocrx_word' id='word_1_35' title='bbox 833 410 877 436; x_wconf 85' lang='lat' dir='ltr'>ex</span> <span class='ocrx_word' id='word_1_36' title='bbox 908 403 1126 436; x_wconf 82' lang='lat' dir='ltr'>transverso</span> <span class='ocrx_word' id='word_1_37' title='bbox 1157 397 1196 436; x_wconf 83' lang='lat' dir='ltr'>fit</span> <span class='ocrx_word' id='word_1_38' title='bbox 1216 415 1249 424; x_wconf 58' lang='grc' dir='ltr'>ν</span> <span class='ocrx_word' id='word_1_39' title='bbox 1269 420 1286 425; x_wconf 96' lang='grc'>-</span> <span class='ocrx_word' id='word_1_40' title='bbox 1306 419 1323 425; x_wconf 85' lang='grc'><strong>-</strong></span> <span class='ocrx_word' id='word_1_41' title='bbox 1607 411 1626 441; x_wconf 78' lang='lat'><strong>3</strong></span> 
     </span>
     <span class='ocr_line' id='line_1_10' title="bbox 433 456 1276 506; baseline 0 -11"><span class='ocrx_word' id='word_1_42' title='bbox 433 478 451 483; x_wconf 95' lang='lat'><em>-</em></span> <span class='ocrx_word' id='word_1_43' title='bbox 471 461 508 495; x_wconf 88' lang='lat' dir='ltr'>et</span> <span class='ocrx_word' id='word_1_44' title='bbox 536 469 652 506; x_wconf 88' lang='lat' dir='ltr'>supra</span> <span class='ocrx_word' id='word_1_45' title='bbox 681 469 752 495; x_wconf 89' lang='lat' dir='ltr'>nos</span> <span class='ocrx_word' id='word_1_46' title='bbox 781 457 951 495; x_wconf 80' lang='lat' dir='ltr'>Fortuna</span> <span class='ocrx_word' id='word_1_47' title='bbox 980 456 1130 506; x_wconf 83' lang='lat' dir='ltr'>negotia</span> <span class='ocrx_word' id='word_1_48' title='bbox 1159 463 1276 496; x_wconf 85' lang='lat' dir='ltr'>curat.</span> 
     </span>
     <span class='ocr_line' id='line_1_11' title="bbox 434 515 1237 565; baseline 0 -11"><span class='ocrx_word' id='word_1_49' title='bbox 434 528 551 564; x_wconf 84' lang='lat' dir='ltr'>quare</span> <span class='ocrx_word' id='word_1_50' title='bbox 581 516 629 554; x_wconf 91' lang='lat' dir='ltr'>da</span> <span class='ocrx_word' id='word_1_51' title='bbox 658 515 770 554; x_wconf 92' lang='lat' dir='ltr'>nobis</span> <span class='ocrx_word' id='word_1_52' title='bbox 799 516 886 553; x_wconf 83' lang='lat' dir='ltr'>vina</span> <span class='ocrx_word' id='word_1_53' title='bbox 916 515 1088 562; x_wconf 83' lang='lat' dir='ltr'>Falerna,</span> <span class='ocrx_word' id='word_1_54' title='bbox 1119 517 1237 565; x_wconf 82' lang='lat' dir='ltr'>puer&#39;.</span> 
     </span>
     <span class='ocr_line' id='line_1_12' title="bbox 257 574 1629 625; baseline 0.001 -12"><span class='ocrx_word' id='word_1_55' title='bbox 257 575 306 613; x_wconf 86' lang='lat' dir='ltr'>ab</span> <span class='ocrx_word' id='word_1_56' title='bbox 334 575 407 613; x_wconf 89' lang='lat' dir='ltr'>hoc</span> <span class='ocrx_word' id='word_1_57' title='bbox 437 574 711 625; x_wconf 83' lang='lat' dir='ltr'>epigrammate</span> <span class='ocrx_word' id='word_1_58' title='bbox 740 574 862 625; x_wconf 90' lang='lat' dir='ltr'>coepit</span> <span class='ocrx_word' id='word_1_59' title='bbox 892 580 1090 625; x_wconf 86' lang='lat' dir='ltr'>poetarum</span> <span class='ocrx_word' id='word_1_60' title='bbox 1120 588 1204 613; x_wconf 83' lang='lat' dir='ltr'>esse</span> <span class='ocrx_word' id='word_1_61' title='bbox 1233 575 1375 614; x_wconf 90' lang='lat' dir='ltr'>mentio</span> <span class='ocrx_word' id='word_1_62' title='bbox 1609 588 1629 618; x_wconf 77' lang='lat'>4</span> 
     </span>
     <span class='ocr_line' id='line_1_13' title="bbox 150 634 1558 684; baseline 0.001 -11"><span class='ocrx_word' id='word_1_63' title='bbox 150 635 291 684; x_wconf 84' lang='lat' dir='ltr'>diuque</span> <span class='ocrx_word' id='word_1_64' title='bbox 319 647 473 673; x_wconf 88' lang='lat' dir='ltr'>summa</span> <span class='ocrx_word' id='word_1_65' title='bbox 500 634 681 673; x_wconf 80' lang='lat' dir='ltr'>carminis</span> <span class='ocrx_word' id='word_1_66' title='bbox 702 646 819 684; x_wconf 91' lang='lat' dir='ltr'>penes</span> <span class='ocrx_word' id='word_1_67' title='bbox 848 634 1025 684; x_wconf 86' lang='lat' dir='ltr'>Mopsum</span> <span class='ocrx_word' id='word_1_68' title='bbox 1056 634 1245 673; x_wconf 80' lang='lat' dir='ltr'>Thracem</span> <span class='ocrx_word' id='word_1_69' title='bbox 1275 641 1485 674; x_wconf 87' lang='lat' dir='ltr'>memorata</span> <span class='ocrx_word' id='word_1_70' title='bbox 1505 643 1558 675; x_wconf 86' lang='lat' dir='ltr'>est</span> 
     </span>
     <span class='ocr_line' id='line_1_14' title="bbox 151 692 1629 744; baseline 0.001 -11"><span class='ocrx_word' id='word_1_71' title='bbox 151 695 273 733; x_wconf 87' lang='lat' dir='ltr'>donec</span> <span class='ocrx_word' id='word_1_72' title='bbox 302 693 535 732; x_wconf 83' lang='lat' dir='ltr'>Trimalchio</span> <span class='ocrx_word' id='word_1_73' title='bbox 564 694 681 744; x_wconf 82' lang='lat' dir='ltr'>‘rogo&#39;</span> <span class='ocrx_word' id='word_1_74' title='bbox 711 693 833 742; x_wconf 83' lang='lat' dir='ltr'>inquit</span> <span class='ocrx_word' id='word_1_75' title='bbox 862 692 1068 743; x_wconf 74' lang='lat' dir='ltr'>‘magister‚</span> <span class='ocrx_word' id='word_1_76' title='bbox 1099 693 1187 743; x_wconf 82' lang='lat' dir='ltr'>quid</span> <span class='ocrx_word' id='word_1_77' title='bbox 1209 698 1318 743; x_wconf 90' lang='lat' dir='ltr'>putas</span> <span class='ocrx_word' id='word_1_78' title='bbox 1342 694 1440 733; x_wconf 93' lang='lat' dir='ltr'>inter</span> <span class='ocrx_word' id='word_1_79' title='bbox 1460 694 1560 734; x_wconf 85' lang='lat' dir='ltr'>Cice·</span> <span class='ocrx_word' id='word_1_80' title='bbox 1609 705 1629 735; x_wconf 83' lang='lat'>5</span> 
     </span>
     <span class='ocr_line' id='line_1_15' title="bbox 151 752 1560 802; baseline 0 -9"><span class='ocrx_word' id='word_1_81' title='bbox 151 766 286 793; x_wconf 91' lang='lat' dir='ltr'>ronem</span> <span class='ocrx_word' id='word_1_82' title='bbox 325 759 361 792; x_wconf 90' lang='lat' dir='ltr'>et</span> <span class='ocrx_word' id='word_1_83' title='bbox 399 753 608 792; x_wconf 83' lang='lat' dir='ltr'>Puble&#39;lium</span> <span class='ocrx_word' id='word_1_84' title='bbox 648 752 857 791; x_wconf 83' lang='lat' dir='ltr'>interesse?</span> <span class='ocrx_word' id='word_1_85' title='bbox 914 764 983 802; x_wconf 85' lang='lat' dir='ltr'>ego</span> <span class='ocrx_word' id='word_1_86' title='bbox 1013 753 1173 790; x_wconf 88' lang='lat' dir='ltr'>alterum</span> <span class='ocrx_word' id='word_1_87' title='bbox 1203 758 1294 802; x_wconf 90' lang='lat' dir='ltr'>puto</span> <span class='ocrx_word' id='word_1_88' title='bbox 1324 753 1560 793; x_wconf 90' lang='lat' dir='ltr'>disertiorem</span> 
     </span>
     <span class='ocr_line' id='line_1_16' title="bbox 150 810 1560 864; baseline 0 -12"><span class='ocrx_word' id='word_1_89' title='bbox 150 813 281 861; x_wconf 85' lang='lat' dir='ltr'>fuisse,</span> <span class='ocrx_word' id='word_1_90' title='bbox 310 813 475 852; x_wconf 85' lang='lat' dir='ltr'>alterum</span> <span class='ocrx_word' id='word_1_91' title='bbox 505 812 778 852; x_wconf 85' lang='lat' dir='ltr'>honestiorem.</span> <span class='ocrx_word' id='word_1_92' title='bbox 835 811 926 861; x_wconf 87' lang='lat' dir='ltr'>quid</span> <span class='ocrx_word' id='word_1_93' title='bbox 955 810 1057 850; x_wconf 91' lang='lat' dir='ltr'>enim</span> <span class='ocrx_word' id='word_1_94' title='bbox 1085 811 1146 849; x_wconf 89' lang='lat' dir='ltr'>his</span> <span class='ocrx_word' id='word_1_95' title='bbox 1166 812 1302 851; x_wconf 90' lang='lat' dir='ltr'>melius</span> <span class='ocrx_word' id='word_1_96' title='bbox 1323 812 1394 852; x_wconf 85' lang='lat' dir='ltr'>dici</span> <span class='ocrx_word' id='word_1_97' title='bbox 1415 818 1560 864; x_wconf 71' lang='lat' dir='ltr'>potest?</span> 
     </span>
     <span class='ocr_line' id='line_1_17' title="bbox 409 870 1629 912; baseline 0.002 -2"><span class='ocrx_word' id='word_1_98' title='bbox 409 871 607 910; x_wconf 75' lang='lat' dir='ltr'>“luxuriae</span> <span class='ocrx_word' id='word_1_99' title='bbox 636 872 732 910; x_wconf 90' lang='lat' dir='ltr'>rictu</span> <span class='ocrx_word' id='word_1_100' title='bbox 761 870 893 910; x_wconf 89' lang='lat' dir='ltr'>Martis</span> <span class='ocrx_word' id='word_1_101' title='bbox 922 877 1094 910; x_wconf 88' lang='lat' dir='ltr'>marcent</span> <span class='ocrx_word' id='word_1_102' title='bbox 1122 872 1286 910; x_wconf 87' lang='lat' dir='ltr'>moenia.</span> <span class='ocrx_word' id='word_1_103' title='bbox 1610 882 1629 912; x_wconf 87' lang='grc'><strong>6</strong></span> 
     </span>
     <span class='ocr_line' id='line_1_18' title="bbox 434 930 1157 982; baseline 0 -13"><span class='ocrx_word' id='word_1_104' title='bbox 434 938 499 970; x_wconf 92' lang='lat' dir='ltr'>tuo</span> <span class='ocrx_word' id='word_1_105' title='bbox 529 932 654 982; x_wconf 88' lang='lat' dir='ltr'>palato</span> <span class='ocrx_word' id='word_1_106' title='bbox 683 931 835 970; x_wconf 84' lang='lat' dir='ltr'>clausus</span> <span class='ocrx_word' id='word_1_107' title='bbox 865 943 961 980; x_wconf 89' lang='lat' dir='ltr'>pavo</span> <span class='ocrx_word' id='word_1_108' title='bbox 990 930 1157 981; x_wconf 86' lang='lat' dir='ltr'>pascitur</span> 
     </span>
     <span class='ocr_line' id='line_1_19' title="bbox 436 990 1217 1042; baseline 0 -13"><span class='ocrx_word' id='word_1_109' title='bbox 436 991 606 1042; x_wconf 89' lang='lat' dir='ltr'>plumato</span> <span class='ocrx_word' id='word_1_110' title='bbox 636 990 798 1029; x_wconf 86' lang='lat' dir='ltr'>amictus</span> <span class='ocrx_word' id='word_1_111' title='bbox 827 1003 944 1029; x_wconf 89' lang='lat' dir='ltr'>aureo</span> <span class='ocrx_word' id='word_1_112' title='bbox 973 990 1217 1040; x_wconf 78' lang='lat' dir='ltr'>Babylonico,</span> 
     </span>
     <span class='ocr_line' id='line_1_20' title="bbox 437 1049 1331 1100; baseline 0 -11"><span class='ocrx_word' id='word_1_113' title='bbox 437 1050 576 1100; x_wconf 81' lang='lat' dir='ltr'>gallina</span> <span class='ocrx_word' id='word_1_114' title='bbox 605 1049 671 1088; x_wconf 92' lang='lat' dir='ltr'>tibi</span> <span class='ocrx_word' id='word_1_115' title='bbox 699 1049 914 1096; x_wconf 87' lang='lat' dir='ltr'>Numidica,</span> <span class='ocrx_word' id='word_1_116' title='bbox 944 1049 1011 1088; x_wconf 89' lang='lat' dir='ltr'>tibi</span> <span class='ocrx_word' id='word_1_117' title='bbox 1041 1049 1162 1100; x_wconf 84' lang='lat' dir='ltr'>gallus</span> <span class='ocrx_word' id='word_1_118' title='bbox 1192 1051 1331 1100; x_wconf 89' lang='lat' dir='ltr'>spado;</span> 
     </span>
     <span class='ocr_line' id='line_1_21' title="bbox 435 1108 1281 1159; baseline -0.002 -11"><span class='ocrx_word' id='word_1_119' title='bbox 435 1109 581 1148; x_wconf 88' lang='lat' dir='ltr'>ciconia</span> <span class='ocrx_word' id='word_1_120' title='bbox 609 1109 736 1156; x_wconf 87' lang='lat' dir='ltr'>etiam,</span> <span class='ocrx_word' id='word_1_121' title='bbox 766 1114 872 1159; x_wconf 87' lang='lat' dir='ltr'>grata</span> <span class='ocrx_word' id='word_1_122' title='bbox 901 1108 1101 1159; x_wconf 81' lang='lat' dir='ltr'>peregrina</span> <span class='ocrx_word' id='word_1_123' title='bbox 1128 1109 1281 1158; x_wconf 87' lang='lat' dir='ltr'>hospita</span> 
     </span>
     <span class='ocr_line' id='line_1_22' title="bbox 436 1167 1197 1219; baseline -0.003 -12"><span class='ocrx_word' id='word_1_124' title='bbox 436 1167 703 1219; x_wconf 77' lang='lat' dir='ltr'>pietaticultrix</span> <span class='ocrx_word' id='word_1_125' title='bbox 732 1168 930 1219; x_wconf 82' lang='lat' dir='ltr'>gracilipes</span> <span class='ocrx_word' id='word_1_126' title='bbox 960 1167 1197 1215; x_wconf 82' lang='lat' dir='ltr'>crotalistria,</span> 
     </span>
     <span class='ocr_line' id='line_1_23' title="bbox 435 1227 1341 1277; baseline -0.002 -10"><span class='ocrx_word' id='word_1_127' title='bbox 435 1228 513 1267; x_wconf 78' lang='lat' dir='ltr'>avis</span> <span class='ocrx_word' id='word_1_128' title='bbox 543 1229 630 1267; x_wconf 78' lang='lat' dir='ltr'>exul</span> <span class='ocrx_word' id='word_1_129' title='bbox 659 1228 810 1275; x_wconf 87' lang='lat' dir='ltr'>hiemis,</span> <span class='ocrx_word' id='word_1_130' title='bbox 841 1227 972 1266; x_wconf 89' lang='lat' dir='ltr'>titulus</span> <span class='ocrx_word' id='word_1_131' title='bbox 1002 1227 1117 1277; x_wconf 88' lang='lat' dir='ltr'>tepidi</span> <span class='ocrx_word' id='word_1_132' title='bbox 1146 1227 1341 1277; x_wconf 83' lang='lat' dir='ltr'>temporis⁷</span> 
     </span>
     <span class='ocr_line' id='line_1_24' title="bbox 434 1285 1323 1338; baseline -0.002 -12"><span class='ocrx_word' id='word_1_133' title='bbox 434 1287 626 1338; x_wconf 85' lang='lat' dir='ltr'>nequitiae</span> <span class='ocrx_word' id='word_1_134' title='bbox 655 1287 789 1326; x_wconf 90' lang='lat' dir='ltr'>nidum</span> <span class='ocrx_word' id='word_1_135' title='bbox 819 1287 857 1326; x_wconf 90' lang='lat' dir='ltr'>in</span> <span class='ocrx_word' id='word_1_136' title='bbox 888 1287 1051 1326; x_wconf 87' lang='lat' dir='ltr'>caccabo</span> <span class='ocrx_word' id='word_1_137' title='bbox 1080 1285 1167 1325; x_wconf 83' lang='lat' dir='ltr'>fecit</span> <span class='ocrx_word' id='word_1_138' title='bbox 1195 1287 1323 1325; x_wconf 87' lang='lat' dir='ltr'>modo.</span> 
     </span>
     <span class='ocr_line' id='line_1_25' title="bbox 434 1345 1356 1398; baseline -0.004 -11"><span class='ocrx_word' id='word_1_139' title='bbox 434 1361 509 1397; x_wconf 82' lang='lat' dir='ltr'>quo</span> <span class='ocrx_word' id='word_1_140' title='bbox 537 1347 743 1398; x_wconf 82' lang='lat' dir='ltr'>margarita</span> <span class='ocrx_word' id='word_1_141' title='bbox 772 1359 860 1386; x_wconf 87' lang='lat' dir='ltr'>cara</span> <span class='ocrx_word' id='word_1_142' title='bbox 888 1346 968 1394; x_wconf 82' lang='lat' dir='ltr'>tibi,</span> <span class='ocrx_word' id='word_1_143' title='bbox 997 1346 1132 1385; x_wconf 81' lang='lat' dir='ltr'>bacam</span> <span class='ocrx_word' id='word_1_144' title='bbox 1160 1345 1356 1384; x_wconf 75' lang='lat' dir='ltr'>Indicam?</span> 
     </span>
     <span class='ocr_line' id='line_1_26' title="bbox 434 1404 1301 1456; baseline -0.003 -10"><span class='ocrx_word' id='word_1_145' title='bbox 434 1421 484 1446; x_wconf 87' lang='lat' dir='ltr'>an</span> <span class='ocrx_word' id='word_1_146' title='bbox 514 1413 554 1446; x_wconf 89' lang='lat' dir='ltr'>ut</span> <span class='ocrx_word' id='word_1_147' title='bbox 581 1412 759 1446; x_wconf 89' lang='lat' dir='ltr'>matrona</span> <span class='ocrx_word' id='word_1_148' title='bbox 788 1411 923 1445; x_wconf 84' lang='lat' dir='ltr'>ornata</span> <span class='ocrx_word' id='word_1_149' title='bbox 951 1405 1117 1456; x_wconf 87' lang='lat' dir='ltr'>phaleris</span> <span class='ocrx_word' id='word_1_150' title='bbox 1146 1404 1301 1455; x_wconf 80' lang='lat' dir='ltr'>pelagiis</span> 
     </span>
     <span class='ocr_line' id='line_1_27' title="bbox 435 1465 1351 1516; baseline -0.002 -11"><span class='ocrx_word' id='word_1_151' title='bbox 435 1466 541 1505; x_wconf 82' lang='lat' dir='ltr'>tollat</span> <span class='ocrx_word' id='word_1_152' title='bbox 570 1467 685 1516; x_wconf 87' lang='lat' dir='ltr'>pedes</span> <span class='ocrx_word' id='word_1_153' title='bbox 715 1465 900 1504; x_wconf 88' lang='lat' dir='ltr'>indomita</span> <span class='ocrx_word' id='word_1_154' title='bbox 929 1465 966 1503; x_wconf 90' lang='lat' dir='ltr'>in</span> <span class='ocrx_word' id='word_1_155' title='bbox 999 1470 1116 1504; x_wconf 88' lang='lat' dir='ltr'>strato</span> <span class='ocrx_word' id='word_1_156' title='bbox 1146 1470 1351 1503; x_wconf 78' lang='lat' dir='ltr'>extraneo?</span> 
     </span>
     <span class='ocr_line' id='line_1_28' title="bbox 433 1523 1561 1576; baseline -0.002 -12"><span class='ocrx_word' id='word_1_157' title='bbox 433 1527 681 1576; x_wconf 85' lang='lat' dir='ltr'>zmaragdum</span> <span class='ocrx_word' id='word_1_158' title='bbox 697 1527 744 1564; x_wconf 89' lang='lat' dir='ltr'>ad</span> <span class='ocrx_word' id='word_1_159' title='bbox 761 1538 876 1574; x_wconf 84' lang='lat' dir='ltr'>quam</span> <span class='ocrx_word' id='word_1_160' title='bbox 890 1538 972 1563; x_wconf 88' lang='lat' dir='ltr'>rem</span> <span class='ocrx_word' id='word_1_161' title='bbox 988 1525 1158 1572; x_wconf 86' lang='lat' dir='ltr'>viridem,</span> <span class='ocrx_word' id='word_1_162' title='bbox 1174 1524 1383 1574; x_wconf 90' lang='lat' dir='ltr'>pretiosum</span> <span class='ocrx_word' id='word_1_163' title='bbox 1398 1523 1561 1563; x_wconf 75' lang='lat' dir='ltr'>vitrum?</span> 
     </span>
     <span class='ocr_line' id='line_1_29' title="bbox 434 1583 1318 1635; baseline -0.002 -11"><span class='ocrx_word' id='word_1_164' title='bbox 434 1599 509 1635; x_wconf 82' lang='lat' dir='ltr'>quo</span> <span class='ocrx_word' id='word_1_165' title='bbox 538 1585 823 1624; x_wconf 88' lang='lat' dir='ltr'>Carchedonios</span> <span class='ocrx_word' id='word_1_166' title='bbox 852 1589 961 1634; x_wconf 87' lang='lat' dir='ltr'>optas</span> <span class='ocrx_word' id='word_1_167' title='bbox 989 1583 1097 1634; x_wconf 85' lang='lat' dir='ltr'>ignes</span> <span class='ocrx_word' id='word_1_168' title='bbox 1125 1584 1318 1634; x_wconf 80' lang='lat' dir='ltr'>lapideos?</span> 
     </span>
     <span class='ocr_line' id='line_1_30' title="bbox 434 1643 1316 1694; baseline -0.003 -11"><span class='ocrx_word' id='word_1_169' title='bbox 434 1645 508 1683; x_wconf 86' lang='lat' dir='ltr'>nisi</span> <span class='ocrx_word' id='word_1_170' title='bbox 537 1650 578 1683; x_wconf 89' lang='lat' dir='ltr'>ut</span> <span class='ocrx_word' id='word_1_171' title='bbox 608 1644 785 1684; x_wconf 89' lang='lat' dir='ltr'>scintillet</span> <span class='ocrx_word' id='word_1_172' title='bbox 814 1643 984 1694; x_wconf 87' lang='lat' dir='ltr'>probitas</span> <span class='ocrx_word' id='word_1_173' title='bbox 1013 1656 1032 1682; x_wconf 93' lang='lat' dir='ltr'>e</span> <span class='ocrx_word' id='word_1_174' title='bbox 1062 1643 1316 1681; x_wconf 86' lang='lat' dir='ltr'>carbunculis.</span> 
     </span>
     <span class='ocr_line' id='line_1_31' title="bbox 434 1701 1455 1754; baseline -0.003 -11"><span class='ocrx_word' id='word_1_175' title='bbox 434 1717 598 1754; x_wconf 86' lang='lat' dir='ltr'>aequum</span> <span class='ocrx_word' id='word_1_176' title='bbox 626 1710 683 1743; x_wconf 87' lang='lat' dir='ltr'>est</span> <span class='ocrx_word' id='word_1_177' title='bbox 711 1704 870 1742; x_wconf 89' lang='lat' dir='ltr'>induere</span> <span class='ocrx_word' id='word_1_178' title='bbox 899 1708 1058 1753; x_wconf 85' lang='lat' dir='ltr'>nuptam</span> <span class='ocrx_word' id='word_1_179' title='bbox 1088 1708 1246 1741; x_wconf 86' lang='lat' dir='ltr'>ventum</span> <span class='ocrx_word' id='word_1_180' title='bbox 1274 1701 1455 1748; x_wconf 82' lang='lat' dir='ltr'>textilem,</span> 
     </span>
     <span class='ocr_line' id='line_1_32' title="bbox 434 1761 1349 1814; baseline -0.002 -12"><span class='ocrx_word' id='word_1_181' title='bbox 434 1764 560 1814; x_wconf 88' lang='lat' dir='ltr'>palam</span> <span class='ocrx_word' id='word_1_182' title='bbox 588 1768 761 1814; x_wconf 87' lang='lat' dir='ltr'>prostare</span> <span class='ocrx_word' id='word_1_183' title='bbox 788 1763 935 1802; x_wconf 87' lang='lat' dir='ltr'>nudam</span> <span class='ocrx_word' id='word_1_184' title='bbox 963 1762 1003 1801; x_wconf 92' lang='lat' dir='ltr'>in</span> <span class='ocrx_word' id='word_1_185' title='bbox 1031 1762 1172 1801; x_wconf 89' lang='lat' dir='ltr'>nebula</span> <span class='ocrx_word' id='word_1_186' title='bbox 1200 1761 1349 1800; x_wconf 82' lang='lat' dir='ltr'>linea‘?”</span> 
     </span>
     <span class='ocr_line' id='line_1_33' title="bbox 257 1820 1633 1873; baseline -0.001 -11"><span class='ocrx_word' id='word_1_187' title='bbox 257 1823 360 1873; x_wconf 89' lang='lat' dir='ltr'>quod</span> <span class='ocrx_word' id='word_1_188' title='bbox 379 1823 520 1862; x_wconf 87' lang='lat' dir='ltr'>autem&#39;</span> <span class='ocrx_word' id='word_1_189' title='bbox 549 1822 672 1872; x_wconf 88' lang='lat' dir='ltr'>inquit</span> <span class='ocrx_word' id='word_1_190' title='bbox 691 1824 886 1873; x_wconf 82' lang='lat' dir='ltr'>‘putamus</span> <span class='ocrx_word' id='word_1_191' title='bbox 903 1823 1117 1861; x_wconf 87' lang='lat' dir='ltr'>secundum</span> <span class='ocrx_word' id='word_1_192' title='bbox 1135 1821 1280 1860; x_wconf 86' lang='lat' dir='ltr'>litteras</span> <span class='ocrx_word' id='word_1_193' title='bbox 1300 1820 1562 1859; x_wconf 86' lang='lat' dir='ltr'>difficillimum</span> <span class='ocrx_word' id='word_1_194' title='bbox 1587 1824 1633 1860; x_wconf 80' lang='lat'>56</span> 
     </span>
     <span class='ocr_line' id='line_1_34' title="bbox 151 1879 1632 1933; baseline -0.001 -11"><span class='ocrx_word' id='word_1_195' title='bbox 151 1895 236 1922; x_wconf 88' lang='lat' dir='ltr'>esse</span> <span class='ocrx_word' id='word_1_196' title='bbox 263 1882 491 1922; x_wconf 80' lang='lat' dir='ltr'>artificium?</span> <span class='ocrx_word' id='word_1_197' title='bbox 532 1895 601 1933; x_wconf 81' lang='lat' dir='ltr'>ego</span> <span class='ocrx_word' id='word_1_198' title='bbox 629 1887 722 1933; x_wconf 91' lang='lat' dir='ltr'>puto</span> <span class='ocrx_word' id='word_1_199' title='bbox 750 1881 942 1921; x_wconf 87' lang='lat' dir='ltr'>medicum</span> <span class='ocrx_word' id='word_1_200' title='bbox 972 1886 1008 1920; x_wconf 89' lang='lat' dir='ltr'>et</span> <span class='ocrx_word' id='word_1_201' title='bbox 1027 1881 1348 1920; x_wconf 88' lang='lat' dir='ltr'>nummularium:</span> <span class='ocrx_word' id='word_1_202' title='bbox 1378 1879 1562 1927; x_wconf 82' lang='lat' dir='ltr'>medicus,</span> <span class='ocrx_word' id='word_1_203' title='bbox 1612 1889 1632 1920; x_wconf 84' lang='lat'><strong>2</strong></span> 
     </span>
    </p>
   </div>
   <div class='ocr_carea' id='block_1_7' title="bbox 80 1940 1561 1992">
    <p class='ocr_par' dir='ltr' id='par_1_7' title="bbox 80 1940 1561 1992">
     <span class='ocr_line' id='line_1_35' title="bbox 80 1940 1561 1992; baseline -0.004 -9"><span class='ocrx_word' id='word_1_204' title='bbox 80 1951 127 1983; x_wconf 85' lang='grc'>30</span> <span class='ocrx_word' id='word_1_205' title='bbox 153 1941 218 1992; x_wconf 88' lang='lat' dir='ltr'>qui</span> <span class='ocrx_word' id='word_1_206' title='bbox 247 1941 317 1982; x_wconf 89' lang='lat' dir='ltr'>scit</span> <span class='ocrx_word' id='word_1_207' title='bbox 337 1942 427 1992; x_wconf 90' lang='lat' dir='ltr'>quid</span> <span class='ocrx_word' id='word_1_208' title='bbox 446 1942 730 1981; x_wconf 88' lang='lat' dir='ltr'>homunciones</span> <span class='ocrx_word' id='word_1_209' title='bbox 749 1941 850 1980; x_wconf 87' lang='lat' dir='ltr'>intra</span> <span class='ocrx_word' id='word_1_210' title='bbox 869 1940 1091 1991; x_wconf 88' lang='lat' dir='ltr'>praecordia</span> <span class='ocrx_word' id='word_1_211' title='bbox 1111 1953 1180 1979; x_wconf 86' lang='lat' dir='ltr'>sua</span> <span class='ocrx_word' id='word_1_212' title='bbox 1198 1940 1368 1978; x_wconf 85' lang='lat' dir='ltr'>habeant</span> <span class='ocrx_word' id='word_1_213' title='bbox 1388 1943 1424 1977; x_wconf 92' lang='lat' dir='ltr'>et</span> <span class='ocrx_word' id='word_1_214' title='bbox 1444 1951 1561 1988; x_wconf 90' lang='lat' dir='ltr'>quan-</span> 
     </span>
    </p>
   </div>
   <div class='ocr_carea' id='block_1_8' title="bbox 152 1997 1634 2232">
    <p class='ocr_par' dir='ltr' id='par_1_8' title="bbox 152 1997 1634 2232">
     <span class='ocr_line' id='line_1_36' title="bbox 152 1997 1630 2050; baseline -0.002 -9"><span class='ocrx_word' id='word_1_215' title='bbox 152 2003 202 2041; x_wconf 95' lang='lat' dir='ltr'>do</span> <span class='ocrx_word' id='word_1_216' title='bbox 239 2001 355 2041; x_wconf 89' lang='lat' dir='ltr'>febris</span> <span class='ocrx_word' id='word_1_217' title='bbox 392 2002 530 2050; x_wconf 91' lang='lat' dir='ltr'>veniat,</span> <span class='ocrx_word' id='word_1_218' title='bbox 560 2001 675 2040; x_wconf 91' lang='lat' dir='ltr'>etiam</span> <span class='ocrx_word' id='word_1_219' title='bbox 705 2000 735 2040; x_wconf 92' lang='lat' dir='ltr'>si</span> <span class='ocrx_word' id='word_1_220' title='bbox 764 2001 848 2040; x_wconf 88' lang='lat' dir='ltr'>illos</span> <span class='ocrx_word' id='word_1_221' title='bbox 877 2001 940 2039; x_wconf 90' lang='lat' dir='ltr'>odi</span> <span class='ocrx_word' id='word_1_222' title='bbox 969 2000 1147 2050; x_wconf 83' lang='lat' dir='ltr'>pessime,</span> <span class='ocrx_word' id='word_1_223' title='bbox 1177 2000 1278 2049; x_wconf 86' lang='lat' dir='ltr'>quod</span> <span class='ocrx_word' id='word_1_224' title='bbox 1307 1998 1401 2037; x_wconf 92' lang='lat' dir='ltr'>mihi</span> <span class='ocrx_word' id='word_1_225' title='bbox 1429 1997 1563 2037; x_wconf 90' lang='lat' dir='ltr'>iubent</span> <span class='ocrx_word' id='word_1_226' title='bbox 1611 2008 1630 2038; x_wconf 82' lang='lat'>3</span> 
     </span>
     <span class='ocr_line' id='line_1_37' title="bbox 152 2057 1563 2113; baseline -0.004 -12"><span class='ocrx_word' id='word_1_227' title='bbox 152 2075 266 2113; x_wconf 88' lang='lat' dir='ltr'>saepe</span> <span class='ocrx_word' id='word_1_228' title='bbox 294 2061 491 2102; x_wconf 87' lang='lat' dir='ltr'>anatinam</span> <span class='ocrx_word' id='word_1_229' title='bbox 520 2061 664 2112; x_wconf 83' lang='lat' dir='ltr'>parari3</span> <span class='ocrx_word' id='word_1_230' title='bbox 693 2060 987 2108; x_wconf 84' lang='lat' dir='ltr'>nummularius,</span> <span class='ocrx_word' id='word_1_231' title='bbox 1018 2059 1083 2109; x_wconf 88' lang='lat' dir='ltr'>qui</span> <span class='ocrx_word' id='word_1_232' title='bbox 1110 2072 1177 2110; x_wconf 91' lang='lat' dir='ltr'>per</span> <span class='ocrx_word' id='word_1_233' title='bbox 1206 2063 1407 2109; x_wconf 85' lang='lat' dir='ltr'>argentum</span> <span class='ocrx_word' id='word_1_234' title='bbox 1427 2070 1492 2097; x_wconf 85' lang='lat' dir='ltr'>aes</span> <span class='ocrx_word' id='word_1_235' title='bbox 1511 2057 1563 2095; x_wconf 89' lang='lat' dir='ltr'>vi·</span> 
     </span>
     <span class='ocr_line' id='line_1_38' title="bbox 152 2117 1634 2164; baseline -0.003 -3"><span class='ocrx_word' id='word_1_236' title='bbox 152 2122 228 2161; x_wconf 86' lang='lat' dir='ltr'>det.</span> <span class='ocrx_word' id='word_1_237' title='bbox 274 2135 378 2161; x_wconf 90' lang='lat' dir='ltr'>.nam</span> <span class='ocrx_word' id='word_1_238' title='bbox 405 2125 534 2159; x_wconf 88' lang='lat' dir='ltr'>mutae</span> <span class='ocrx_word' id='word_1_239' title='bbox 562 2120 706 2159; x_wconf 88' lang='lat' dir='ltr'>bestiae</span> <span class='ocrx_word' id='word_1_240' title='bbox 734 2119 1055 2159; x_wconf 87' lang='lat' dir='ltr'>laboriosissimae</span> <span class='ocrx_word' id='word_1_241' title='bbox 1083 2119 1200 2157; x_wconf 85' lang='lat' dir='ltr'>boves</span> <span class='ocrx_word' id='word_1_242' title='bbox 1229 2123 1265 2157; x_wconf 89' lang='lat' dir='ltr'>et</span> <span class='ocrx_word' id='word_1_243' title='bbox 1293 2130 1401 2156; x_wconf 91' lang='lat' dir='ltr'>oves:</span> <span class='ocrx_word' id='word_1_244' title='bbox 1432 2117 1561 2164; x_wconf 84' lang='lat' dir='ltr'>boves,</span> <span class='ocrx_word' id='word_1_245' title='bbox 1612 2126 1634 2157; x_wconf 88' lang='lat'>4</span> 
     </span>
     <span class='ocr_line' id='line_1_39' title="bbox 154 2176 1562 2232; baseline -0.004 -12"><span class='ocrx_word' id='word_1_246' title='bbox 154 2194 320 2232; x_wconf 89' lang='lat' dir='ltr'>quorum</span> <span class='ocrx_word' id='word_1_247' title='bbox 340 2179 525 2220; x_wconf 85' lang='lat' dir='ltr'>beneficio</span> <span class='ocrx_word' id='word_1_248' title='bbox 544 2193 686 2230; x_wconf 86' lang='lat' dir='ltr'>panem</span> <span class='ocrx_word' id='word_1_249' title='bbox 704 2180 1004 2226; x_wconf 89' lang='lat' dir='ltr'>manducamus;</span> <span class='ocrx_word' id='word_1_250' title='bbox 1035 2191 1136 2225; x_wconf 87' lang='lat' dir='ltr'>oves,</span> <span class='ocrx_word' id='word_1_251' title='bbox 1158 2178 1259 2227; x_wconf 86' lang='lat' dir='ltr'>quod</span> <span class='ocrx_word' id='word_1_252' title='bbox 1278 2178 1367 2216; x_wconf 87' lang='lat' dir='ltr'>lana</span> <span class='ocrx_word' id='word_1_253' title='bbox 1385 2176 1471 2216; x_wconf 89' lang='lat' dir='ltr'>illae</span> <span class='ocrx_word' id='word_1_254' title='bbox 1490 2188 1562 2215; x_wconf 92' lang='lat' dir='ltr'>nos</span> 
     </span>
    </p>
   </div>
   <div class='ocr_carea' id='block_1_9' title="bbox 81 2236 1632 2292">
    <p class='ocr_par' dir='ltr' id='par_1_9' title="bbox 81 2236 1632 2292">
     <span class='ocr_line' id='line_1_40' title="bbox 81 2236 1632 2292; baseline -0.005 -11"><span class='ocrx_word' id='word_1_255' title='bbox 81 2248 128 2281; x_wconf 80' lang='lat'>35</span> <span class='ocrx_word' id='word_1_256' title='bbox 153 2240 339 2292; x_wconf 85' lang='lat' dir='ltr'>gloriosos</span> <span class='ocrx_word' id='word_1_257' title='bbox 377 2239 531 2279; x_wconf 84' lang='lat' dir='ltr'>faciunt.</span> <span class='ocrx_word' id='word_1_258' title='bbox 587 2245 624 2278; x_wconf 90' lang='lat' dir='ltr'>et</span> <span class='ocrx_word' id='word_1_259' title='bbox 660 2239 810 2278; x_wconf 87' lang='lat' dir='ltr'>facinus</span> <span class='ocrx_word' id='word_1_260' title='bbox 846 2238 1062 2289; x_wconf 84' lang='lat' dir='ltr'>indignum,</span> <span class='ocrx_word' id='word_1_261' title='bbox 1091 2237 1227 2287; x_wconf 87' lang='lat' dir='ltr'>aliquis</span> <span class='ocrx_word' id='word_1_262' title='bbox 1256 2236 1407 2275; x_wconf 90' lang='lat' dir='ltr'>ovillam</span> <span class='ocrx_word' id='word_1_263' title='bbox 1442 2240 1499 2275; x_wconf 90' lang='lat' dir='ltr'>est</span> <span class='ocrx_word' id='word_1_264' title='bbox 1527 2240 1563 2274; x_wconf 92' lang='lat' dir='ltr'>et</span> <span class='ocrx_word' id='word_1_265' title='bbox 1611 2243 1632 2274; x_wconf 82' lang='lat'><em>5</em></span> 
     </span>
    </p>
   </div>
   <div class='ocr_carea' id='block_1_10' title="bbox 153 2293 1631 2470">
    <p class='ocr_par' dir='ltr' id='par_1_10' title="bbox 153 2293 1631 2470">
     <span class='ocr_line' id='line_1_41' title="bbox 153 2293 1631 2350; baseline -0.005 -11"><span class='ocrx_word' id='word_1_266' title='bbox 153 2300 324 2340; x_wconf 85' lang='lat' dir='ltr'>tunicam</span> <span class='ocrx_word' id='word_1_267' title='bbox 350 2299 479 2338; x_wconf 87' lang='lat' dir='ltr'>habet.</span> <span class='ocrx_word' id='word_1_268' title='bbox 534 2311 625 2350; x_wconf 88' lang='lat' dir='ltr'>apes</span> <span class='ocrx_word' id='word_1_269' title='bbox 654 2298 757 2338; x_wconf 90' lang='lat' dir='ltr'>enim</span> <span class='ocrx_word' id='word_1_270' title='bbox 787 2311 856 2349; x_wconf 88' lang='lat' dir='ltr'>ego</span> <span class='ocrx_word' id='word_1_271' title='bbox 884 2297 1032 2337; x_wconf 83' lang='lat' dir='ltr'>divinas</span> <span class='ocrx_word' id='word_1_272' title='bbox 1060 2295 1202 2335; x_wconf 89' lang='lat' dir='ltr'>bestias</span> <span class='ocrx_word' id='word_1_273' title='bbox 1231 2301 1333 2347; x_wconf 89' lang='lat' dir='ltr'>puto,</span> <span class='ocrx_word' id='word_1_274' title='bbox 1364 2307 1461 2345; x_wconf 89' lang='lat' dir='ltr'>quae</span> <span class='ocrx_word' id='word_1_275' title='bbox 1489 2293 1562 2332; x_wconf 89' lang='lat' dir='ltr'>mel</span> <span class='ocrx_word' id='word_1_276' title='bbox 1611 2303 1631 2333; x_wconf 84' lang='lat'>6</span> 
     </span>
     <span class='ocr_line' id='line_1_42' title="bbox 153 2355 1562 2407; baseline -0.004 -10"><span class='ocrx_word' id='word_1_277' title='bbox 153 2364 328 2407; x_wconf 86' lang='lat' dir='ltr'>vomunt,</span> <span class='ocrx_word' id='word_1_278' title='bbox 357 2359 472 2398; x_wconf 88' lang='lat' dir='ltr'>etiam</span> <span class='ocrx_word' id='word_1_279' title='bbox 501 2358 532 2398; x_wconf 89' lang='lat' dir='ltr'>si</span> <span class='ocrx_word' id='word_1_280' title='bbox 561 2358 740 2398; x_wconf 88' lang='lat' dir='ltr'>dicuntur</span> <span class='ocrx_word' id='word_1_281' title='bbox 768 2358 859 2397; x_wconf 90' lang='lat' dir='ltr'>illud</span> <span class='ocrx_word' id='word_1_282' title='bbox 887 2371 910 2397; x_wconf 89' lang='lat' dir='ltr'>a</span> <span class='ocrx_word' id='word_1_283' title='bbox 929 2357 1016 2396; x_wconf 90' lang='lat' dir='ltr'>love</span> <span class='ocrx_word' id='word_1_284' title='bbox 1035 2356 1186 2403; x_wconf 83' lang='lat' dir='ltr'>afferre3</span> <span class='ocrx_word' id='word_1_285' title='bbox 1216 2355 1300 2394; x_wconf 89' lang='lat' dir='ltr'>ideo</span> <span class='ocrx_word' id='word_1_286' title='bbox 1319 2359 1448 2394; x_wconf 87' lang='lat' dir='ltr'>autem</span> <span class='ocrx_word' id='word_1_287' title='bbox 1467 2366 1562 2404; x_wconf 90' lang='lat' dir='ltr'>pun·</span> 
     </span>
     <span class='ocr_line' id='line_1_43' title="bbox 154 2413 1411 2470; baseline -0.005 -12"><span class='ocrx_word' id='word_1_288' title='bbox 154 2424 262 2470; x_wconf 83' lang='lat' dir='ltr'>gunt,</span> <span class='ocrx_word' id='word_1_289' title='bbox 291 2418 380 2469; x_wconf 88' lang='lat' dir='ltr'>quia</span> <span class='ocrx_word' id='word_1_290' title='bbox 407 2417 626 2468; x_wconf 86' lang='lat' dir='ltr'>ubicunque</span> <span class='ocrx_word' id='word_1_291' title='bbox 655 2419 764 2456; x_wconf 90' lang='lat' dir='ltr'>dulce</span> <span class='ocrx_word' id='word_1_292' title='bbox 792 2422 861 2464; x_wconf 87' lang='lat' dir='ltr'>est,</span> <span class='ocrx_word' id='word_1_293' title='bbox 891 2416 942 2455; x_wconf 91' lang='lat' dir='ltr'>ibi</span> <span class='ocrx_word' id='word_1_294' title='bbox 971 2421 1007 2456; x_wconf 91' lang='lat' dir='ltr'>et</span> <span class='ocrx_word' id='word_1_295' title='bbox 1035 2415 1186 2454; x_wconf 83' lang='lat' dir='ltr'>acidum</span> <span class='ocrx_word' id='word_1_296' title='bbox 1214 2413 1411 2453; x_wconf 88' lang='lat' dir='ltr'>invenies&#39;.</span> 
     </span>
    </p>
   </div>
   <div class='ocr_carea' id='block_1_11' title="bbox 153 2540 1560 2690">
    <p class='ocr_par' dir='ltr' id='par_1_11' title="bbox 153 2540 1560 2690">
     <span class='ocr_line' id='line_1_44' title="bbox 264 2540 1560 2586; baseline -0.006 -4"><span class='ocrx_word' id='word_1_297' title='bbox 264 2548 307 2582; x_wconf 89' lang='lat'>13</span> <span class='ocrx_word' id='word_1_298' title='bbox 332 2547 490 2582; x_wconf 88' lang='lat' dir='ltr'>nascitur</span> <span class='ocrx_word' id='word_1_299' title='bbox 515 2548 597 2582; x_wconf 91' lang='lat' dir='ltr'>HL.</span> <span class='ocrx_word' id='word_1_300' title='bbox 623 2567 669 2573; x_wconf 96' lang='lat'>—</span> <span class='ocrx_word' id='word_1_301' title='bbox 697 2548 740 2581; x_wconf 89' lang='lat'>19</span> <span class='ocrx_word' id='word_1_302' title='bbox 765 2557 846 2581; x_wconf 90' lang='lat' dir='ltr'>meo</span> <span class='ocrx_word' id='word_1_303' title='bbox 872 2546 954 2581; x_wconf 89' lang='lat' dir='ltr'>HL.</span> <span class='ocrx_word' id='word_1_304' title='bbox 981 2564 1026 2571; x_wconf 88' lang='lat'>-—</span> <span class='ocrx_word' id='word_1_305' title='bbox 1058 2545 1104 2578; x_wconf 75' lang='lat'>⁶20</span> <span class='ocrx_word' id='word_1_306' title='bbox 1128 2543 1193 2578; x_wconf 86' lang='lat' dir='ltr'>tibi</span> <span class='ocrx_word' id='word_1_307' title='bbox 1218 2542 1328 2578; x_wconf 84' lang='lat' dir='ltr'>bacca</span> <span class='ocrx_word' id='word_1_308' title='bbox 1354 2542 1396 2586; x_wconf 82' lang='lat' dir='ltr'>L,</span> <span class='ocrx_word' id='word_1_309' title='bbox 1427 2540 1560 2575; x_wconf 85' lang='lat' dir='ltr'>tribaca</span> 
     </span>
     <span class='ocr_line' id='line_1_45' title="bbox 153 2600 681 2643; baseline -0.004 -7"><span class='ocrx_word' id='word_1_310' title='bbox 153 2603 208 2643; x_wconf 89' lang='lat' dir='ltr'>H;</span> <span class='ocrx_word' id='word_1_311' title='bbox 233 2601 323 2635; x_wconf 82' lang='lat' dir='ltr'>viell.</span> <span class='ocrx_word' id='word_1_312' title='bbox 350 2600 499 2635; x_wconf 84' lang='lat' dir='ltr'>tribacia</span> <span class='ocrx_word' id='word_1_313' title='bbox 523 2600 681 2635; x_wconf 86' lang='lat' dir='ltr'>Indica*.</span> 
     </span>
     <span class='ocr_line' id='line_1_46' title="bbox 1386 2663 1420 2690; baseline 0 -8"><span class='ocrx_word' id='word_1_314' title='bbox 1386 2663 1420 2690; x_wconf 70' lang='lat'>2*</span> 
     </span>
    </p>
   </div>
  </div>
 </body>
</html>
