1732 2844
171 247 283 289 esset,
313 246 353 280 ut
383 254 454 280 nos
484 242 727 291 putabamus,
757 254 870 279 anser
900 241 1010 279 altilis
1040 240 1217 290 circaque
1246 241 1369 291 pisces
1398 248 1434 281 et
1463 243 1584 281 omni·

170 316 236 340 um
274 314 415 351 genera
456 301 595 349 avium,
640 301 778 339 ‘anzicd'
815 300 937 349 inquit
966 300 1199 339 Trimalchio
1229 301 1420 350 ‘quicquid
1450 302 1583 341 videtis

123 368 142 398 9
169 362 231 399 hic
261 361 440 411 positum,
470 362 515 399 de
545 374 623 399 uno
666 373 825 410 corpore
868 365 925 398 est
959 360 1126 399 factui‘n'.
1184 373 1265 410 ego,
1297 360 1437 399 scincet
1464 361 1582 400 homo

169 420 500 471 prudentissimus,
531 419 659 458 statim
689 419 857 458 intellexi
898 419 988 469 quid
1031 424 1144 467 esset,
1183 425 1218 458 et
1247 419 1456 470 respiciens
1484 421 1581 471 Aga-

167 493 416 518 memnonem
461 479 652 518 ‘mirabor'
697 479 854 528 inquam
899 479 985 517 ‘nisi
1029 479 1158 517 omnia
1197 479 1269 518 ista
1297 480 1343 518 (le
1369 481 1456 527 fimo
1485 480 1581 519 facta
1631 486 1655 518 5

167 545 257 578 sunt
285 545 351 578 aut
380 544 481 578 certe
509 540 556 578 de
584 540 676 578 luto.
735 538 808 576 vidi
831 538 979 577 Romae
1009 538 1278 577 Saturnalibus
1308 538 1495 578 eiusmodi
1524 552 1582 578 ce-

168 613 306 638 narum
335 598 543 649 imaginem
573 598 679 637 fieri'.
738 598 904 636 necdum
934 597 1109 636 finieram
1139 611 1371 646 sermonem,
1392 612 1480 637 cum
1501 598 1533 636 T
1536 599 1581 637 ri-

98 665 141 699 70
166 658 332 697 malchio
373 659 442 697 ait:
489 658 551 697 ‘ita
594 670 765 696 crescam
808 657 1052 706 patrimonio,
1097 670 1174 695 non
1219 670 1388 708 corpore,
1432 663 1472 696 ut
1509 658 1582 696 ista

120 730 138 760 2
166 731 280 757 cocus
323 731 432 757 meus
472 718 518 756 de
548 730 663 767 porco
693 716 790 755 fecit.
849 729 926 755 non
957 721 1081 766 potest
1110 729 1194 755 esse
1222 717 1422 766 pretiosior
1450 718 1580 756 horno.

166 778 342 825 volueris⁷
371 779 417 816 de
446 778 557 816 vulva
586 776 694 816 faciet
724 776 881 826 piscem,
911 777 957 814 de
984 776 1092 815 lardo
1121 777 1361 826 palumbum,
1390 778 1436 816 de
1461 790 1582 828 perna
1609 785 1657 818 10

165 843 364 885 turturem,
395 838 441 875 de
470 837 614 886 colepio
643 836 835 886 gallinam.
893 840 928 874 et
958 835 1041 874 ideo
1071 835 1225 885 ingenio
1251 848 1337 874 meo
1358 836 1580 886 impositum

117 894 222 938 1'3est
264 897 314 937 illi
357 909 501 935 nomen
544 896 816 942 bellissimum3
863 909 953 934 nam
984 896 1173 934 Daedalus
1203 900 1370 934 vocatur.
1427 901 1464 934 et
1492 896 1581 946 quia

165 957 307 995 bonam
346 961 516 994 mentem
553 955 681 1002 habet⁷
721 954 829 993 attuli
868 955 919 992 illi
947 955 1071 993 Roma
1100 967 1244 993 munus
1273 955 1415 993 cultros
1441 954 1580 994 Norico

164 1017 288 1055 serro'.
346 1028 441 1065 quos
487 1015 615 1054 statim
658 1015 769 1053 iussit
816 1015 942 1053 afferri
983 1014 1253 1064 inspectosque
1301 1013 1463 1053 miratus
1510 1020 1578 1054 est.

163 1076 277 1113 etiam
315 1075 427 1114 nobis
466 1079 696 1125 potestatem
724 1074 823 1121 fecit,
853 1079 894 1112 ut
923 1087 1150 1113 mucronem
1179 1075 1226 1112 ad
1256 1074 1416 1112 buccam
1445 1075 1579 1124 proba·
1608 1083 1656 1115 15

164 1148 305 1175 remuS.

116 1204 137 1234 4
270 1194 397 1233 subito
426 1194 668 1233 intraverunt
697 1194 772 1231 duo
803 1193 914 1240 servi,
944 1198 1129 1243 tanquam
1159 1193 1223 1243 qui
1243 1193 1366 1231 rixam
1386 1193 1434 1232 ad
1454 1194 1580 1232 lacum

116 1263 136 1292 5
164 1253 361 1301 fecissent3
393 1259 493 1293 certe
522 1254 559 1292 in
590 1253 686 1292 collo
717 1253 842 1291 adhuc
872 1253 1079 1302 amphoras
1108 1253 1314 1291 habebant.
1372 1265 1460 1291 cum
1489 1265 1580 1302 ergo

162 1313 395 1352 Trimalchio
426 1314 484 1352 ius
510 1314 609 1352 inter
638 1311 829 1363 litigantes
858 1313 1010 1360 diceret,
1049 1317 1184 1350 neuter
1227 1312 1458 1350 sententiam
1495 1311 1579 1350 tulit

114 1382 134 1412 6
162 1373 415 1421 decernentis,
454 1374 520 1412 sed
557 1372 712 1411 alterius
750 1373 980 1422 amphoram
1017 1372 1116 1410 fuste
1154 1371 1353 1421 percussit.
1410 1376 1577 1410 conster-
1605 1380 1652 1412 20

162 1433 240 1472 nati
269 1445 341 1471 nos
370 1432 575 1471 insolentia
603 1432 799 1471 ebriorum
827 1431 1101 1470 intentavimus
1130 1430 1261 1469 oculos
1287 1429 1327 1468 in
1347 1430 1578 1481 proeliantes

161 1492 455 1542 notavimusque
494 1497 619 1530 ostrea
656 1491 901 1541 pectinesque
941 1504 960 1529 e
989 1491 1125 1540 gastris
1164 1489 1343 1537 labentia,
1380 1503 1476 1540 quae
1505 1491 1578 1529 col-

115 1558 133 1591 7
158 1552 256 1591 lecta
289 1565 383 1602 puer
418 1552 527 1590 lance
556 1551 797 1590 circumtulit.
854 1551 926 1589 has
954 1549 1120 1589 lautitias
1150 1548 1325 1598 aequavit
1353 1549 1577 1599 ingeniosus

160 1625 292 1658 cocus3
335 1611 375 1649 in
417 1610 598 1650 craticula
639 1610 741 1649 enim
783 1616 964 1660 argentea
1005 1610 1152 1648 cocleas
1191 1608 1315 1647 attulit
1350 1614 1386 1648 et
1415 1610 1578 1648 tremula

160 1671 453 1720 taeterrimaque
482 1683 572 1709 voce
601 1670 778 1709 cantavit.
1603 1679 1649 1711 25

114 1738 133 1768 8
266 1731 382 1780 pudet
411 1730 565 1778 referre,
596 1743 693 1779 quae
714 1734 916 1768 secuntur:
946 1728 1118 1767 inaudito
1139 1728 1243 1766 enim
1262 1741 1370 1767 more
1390 1727 1498 1778 pueri
1518 1741 1576 1767 ca-

159 1790 276 1840 pillati
305 1790 514 1828 attulerunt
543 1794 785 1839 unguentum
814 1789 853 1827 in
883 1793 1064 1838 argentea
1093 1788 1199 1838 pelve
1219 1789 1410 1838 pedesque
1429 1800 1575 1826 recum·

159 1849 333 1888 bentium
362 1854 569 1897 unxerunt,
601 1862 689 1887 cum
718 1853 808 1887 ante
839 1861 951 1887 crura
980 1848 1152 1897 talosque
1181 1847 1331 1886 corollis
1352 1846 1574 1886 vinxissent.

113 1916 131 1945 9
158 1909 249 1947 hinc
278 1922 324 1948 ex
354 1909 489 1947 eodem
519 1913 716 1959 unguento
746 1908 785 1946 in
814 1907 1006 1946 vinarium
1035 1913 1149 1957 atque
1177 1908 1373 1946 lucernam
1404 1905 1574 1956 aliquan-

159 1974 240 2007 tum
270 1974 326 2008 est
355 1968 538 2007 infusum.
1599 1974 1647 2006 30

90 2033 132 2065 10
265 2028 341 2067 iam
371 2033 547 2078 coeperat
577 2029 787 2066 Fortunata
814 2028 909 2066 velle
940 2027 1089 2074 saltare,
1110 2026 1187 2065 iam
1209 2025 1381 2065 Scintilla
1400 2026 1573 2075 frequen-

159 2087 232 2126 tius
262 2088 466 2138 plaudebat
497 2101 612 2137 quam
644 2088 883 2137 loquebatur,
915 2100 1003 2125 cum
1033 2085 1266 2124 Trimalchio
1296 2085 1497 2136 ‘permitto'
1518 2084 1572 2123 in-

158 2147 238 2197 quit
268 2147 501 2198 ‘Philargyre
530 2152 566 2186 et
595 2147 719 2194 Cario⁷
741 2147 809 2185 etsi
830 2146 1075 2196 prasinianus
1096 2158 1136 2184 es
1156 2145 1340 2193 famosus,
1362 2144 1422 2183 dic
1441 2149 1477 2183 et
1495 2144 1570 2182 Me-

88 2215 127 2245 11
157 2206 348 2256 nophilae‚
378 2206 645 2245 contubernali
672 2211 771 2254 tuae,
803 2205 1044 2245 discumbat'.
1087 2204 1177 2254 quid
1211 2205 1355 2243 multa?
1385 2216 1506 2255 paene
1525 2204 1571 2242 de

156 2265 261 2304 lectis
291 2265 424 2304 deiecti
453 2278 601 2313 sumus,
631 2266 726 2304 adeo
755 2270 878 2304 totum
909 2264 1117 2303 triclinium
1146 2263 1288 2303 familia
1309 2268 1569 2313 occupaverat.
1596 2273 1645 2304 35

88 2333 130 2364 12
157 2329 258 2363 certe
286 2337 355 2375 ego
385 2325 511 2363 notavi
533 2338 648 2375 super
667 2338 729 2363 me
749 2324 917 2374 positum
938 2337 1084 2372 cocum,
1108 2323 1171 2373 qui
1191 2324 1238 2362 de
1257 2335 1372 2373 porco
1391 2334 1570 2361 anserem

88 2392 129 2423 13
157 2384 307 2430 fecerat,
337 2383 462 2422 muria
491 2383 823 2433 condimentisque
851 2384 1044 2422 fetentem.
1102 2395 1174 2421 nec
1203 2386 1405 2421 contentus
1426 2381 1494 2419 fuit
1513 2393 1569 2419 re-

262 2522 277 2553 1
308 2520 429 2554 omnia
453 2521 529 2561 Bu,
563 2521 650 2554 doch
675 2531 702 2554 s.
723 2521 895 2563 fils-stadt,
922 2521 1032 2555 Beitr.
1053 2520 1167 2562 105ff.
1193 2520 1271 2553 und
1295 2520 1441 2553 Eranos
1463 2519 1568 2562 VIII,

157 2575 257 2617 86f9.
285 2594 330 2598 —
359 2574 397 2606 11
427 2573 586 2618 colaepio
605 2574 741 2617 HBr.÷÷‚
779 2574 844 2617 vyl.
870 2573 1000 2621 κώληψ
1033 2574 1109 2608 und
1136 2573 1172 2606 C.
1191 2573 1221 2606 I.
1241 2573 1283 2607 L.
1302 2573 1372 2617 IV,
1399 2574 1467 2606 246
1491 2573 1568 2607 und

156 2629 246 2660 2081
274 2626 448 2670 Colepius.
476 2646 519 2650 —-
549 2628 590 2661 18
616 2626 653 2660 in
679 2626 754 2660 loro
782 2628 829 2661 H.
