1737 2823
747 117 1004 154 —27-

274 233 465 267 recreatus
495 228 568 265 hoc
598 240 776 265 sermone
807 227 956 277 reposui
988 227 1171 274 cubitum,
1202 228 1499 278 Habinnamque
1526 230 1578 268 in·
1630 244 1648 269 r.

168 291 333 326 trantem
371 300 459 325 cuin
497 285 750 324 admiratione
789 285 932 335 ingenti
962 287 1193 336 spectabam.
1251 287 1313 326 ille
1341 294 1467 327 autem
1504 289 1577 327 inin
1630 301 1646 332 7

167 345 296 385 ebrius
325 345 455 384 uxoris
485 357 576 383 suae
606 344 748 383 umeris
778 344 1012 395 imposuerat
1041 358 1194 392 manus,
1232 352 1487 396 oneratusque
1516 348 1578 386 ali-

167 410 260 454 quot
288 404 439 444 coronis
468 409 504 443 et
533 409 731 454 unguento
761 417 827 454 per
856 405 1021 442 frontem
1052 405 1088 442 in
1121 405 1250 443 oculos
1271 406 1412 444 fluente
1433 413 1576 455 praeto-

96 473 140 504 Ἰ5
168 463 222 503 110
249 464 332 503 1000
361 477 402 502 50
431 463 556 514 posuit
585 463 844 512 continuoque
874 463 1005 501 vinum
1035 469 1071 502 et
1100 464 1247 502 caldam
1279 465 1461 514 poposcit.
1518 468 1577 504 dc·
1629 478 1648 507 3

95 767 139 800 10

94 1065 137 1098 15

88 1362 134 1394 20

88 1657 136 1689 25

85 1955 133 1988 30

87 2254 133 2287 35

166 524 324 562 lectatus
360 523 433 562 hac
471 522 704 561 Trimalchio
742 522 931 561 hilaritate
967 528 1003 561 et
1033 523 1112 573 ipse
1141 523 1378 573 capaciorem
1410 525 1577 573 poposcit

165 583 351 633 scyphum
379 581 652 632 quaesivitque,
683 582 876 631 quomodo
905 587 1082 631 acceptus
1111 588 1222 621 esset.
1272 583 1425 621 ‘omnia'
1458 582 1578 632 inquit
1629 595 1648 623 a

166 641 386 681 ‘habuimus
414 646 564 691 praeter
592 646 646 688 te;
677 640 774 679 oculi
803 641 906 680 enim
936 640 1010 679 mci
1031 641 1093 679 hic
1118 647 1238 681 erant.
1287 649 1323 680 et
1343 642 1579 682 mehercules

166 702 265 740 bene
293 701 372 739 suit.
429 700 558 740 Scissa
585 701 733 739 lautum
763 699 989 739 novendiale
1019 713 1128 739 servo
1148 714 1218 738 suo
1238 699 1386 739 misello
1407 701 1577 748 faciebat,
1609 712 1648 742 10

165 773 280 810 quem
308 765 505 799 mortuum
533 773 652 799 manu
682 759 849 799 miserat.
907 765 943 798 et
972 764 1077 810 puto,
1098 773 1184 798 cum
1208 759 1481 799 vicensimariis
1501 775 1578 800 ma-

163 833 281 870 gnam
309 819 536 859 mantissam
566 819 701 866 habet3
733 819 1010 869 quinquaginta
1039 818 1142 857 enim
1172 818 1340 858 millibus
1375 820 1578 860 aestimant

163 884 373 918 mortuum.
430 879 496 917 sed
535 883 665 918 tamen
703 878 870 917 suaviter
899 878 981 926 suit,
1011 879 1125 918 etiam
1156 879 1185 917 si
1216 879 1334 918 coacti
1364 893 1499 918 sumus
1528 881 1578 918 di-
1608 889 1646 920 11

163 938 299 978 midias
329 937 504 989 potiones
533 951 648 988 super
677 938 856 977 ossucula
884 938 966 976 eius
995 938 1217 977 effundere'.
1265 939 1420 977 ‘tamen'
1457 939 1579 989 inquit
1603 946 1649 978 (3⁴5

163 997 398 1037 Trimalchio
419 997 523 1047 ‘quid
551 997 739 1036 habuistis
771 997 809 1036 in
831 997 964 1036 cena‘?'
1008 996 1159 1036 ‘dicam'
1182 998 1303 1047 inquit
1333 998 1377 1036 ‘si
1399 1003 1575 1048 potuero;

166 1071 257 1097 nam
286 1062 364 1096 tam
394 1057 518 1096 bonae
546 1057 756 1096 memoriae
776 1070 875 1104 sum,
897 1061 938 1095 111
958 1056 1177 1106 frequenter
1197 1070 1341 1096 nomen
1362 1070 1493 1096 meum
1514 1058 1576 1096 ob-

162 1117 324 1156 liviscar.
380 1116 588 1156 habuimus
618 1122 747 1156 tamen
777 1116 815 1154 in
846 1116 969 1166 primo
999 1128 1159 1166 porcum
1188 1117 1323 1166 poculo
1351 1122 1576 1156 coronatum
1628 1126 1646 1155 2

162 1182 199 1215 et
227 1175 325 1216 circa
355 1177 633 1215 saucunculum
664 1181 700 1215 et
728 1176 866 1227 gizeria
896 1175 1038 1226 optime
1066 1176 1164 1214 facta
1194 1181 1230 1214 et
1259 1182 1359 1215 certe
1389 1177 1516 1216 betam
1542 1182 1578 1216 et

162 1248 302 1286 panem
331 1241 560 1286 autopyrum
589 1236 636 1274 de
665 1248 734 1274 suo
764 1235 848 1282 sibi,
870 1248 983 1285 quem
1005 1249 1074 1285 ego
1095 1236 1195 1274 malo
1216 1249 1332 1285 quam
1352 1236 1574 1282 candidum3

160 1300 196 1334 et
222 1295 321 1334 vires
350 1295 448 1342 facit,
479 1300 515 1334 et
543 1308 631 1334 cum
660 1308 747 1334 mea
775 1309 816 1334 re
845 1308 960 1334 causa
988 1294 1096 1342 facio,
1127 1308 1206 1333 non
1236 1296 1353 1345 ploro.
1411 1308 1576 1345 sequens
1626 1302 1645 1331 3

160 1355 346 1393 ferculum
375 1355 444 1393 fuit
473 1355 641 1394 scriblita
668 1353 802 1405 frigida
832 1360 869 1393 et
898 1367 1013 1404 super
1041 1354 1116 1392 mel
1146 1354 1296 1392 caldum
1323 1355 1493 1393 infusum
1514 1368 1575 1394 ex-

161 1414 320 1453 cellente
359 1414 590 1464 Hispanum.
648 1414 774 1463 itaque
804 1415 851 1453 de
881 1413 1048 1453 scriblita
1078 1413 1231 1463 quidem
1262 1426 1340 1452 non
1370 1413 1575 1452 minimum

160 1474 233 1521 edi,
271 1474 318 1512 de
350 1474 462 1513 melle
490 1486 552 1512 me
587 1486 709 1523 usque
738 1472 854 1523 tetigi.
911 1473 1011 1512 circa
1039 1471 1137 1511 cicer
1166 1477 1202 1510 et
1230 1472 1417 1522 lupinum,
1447 1473 1575 1511 calvae
1625 1480 1645 1511 4

159 1533 343 1572 arbitratu
383 1538 419 1572 et
456 1533 557 1572 mala
595 1533 755 1583 singula.
813 1545 882 1582 ego
918 1537 1047 1571 tamen
1086 1532 1161 1570 duo
1190 1532 1326 1570 sustuli
1355 1537 1392 1571 et
1421 1544 1506 1571 0000
1535 1531 1571 1570 in

159 1606 300 1643 mappa
337 1592 487 1643 alligata
523 1593 667 1640 habe03
708 1606 798 1631 nam
837 1592 868 1631 si
907 1591 1049 1642 aliquid
1077 1591 1250 1629 muneris
1278 1604 1364 1630 meo
1395 1591 1574 1630 vernulae

161 1665 239 1691 non
268 1652 402 1699 tulero,
431 1652 581 1691 habebo
611 1651 837 1690 convicium.
896 1652 995 1690 bene
1016 1664 1078 1689 1110
1099 1651 1280 1689 admonet
1300 1650 1456 1689 domina
1475 1662 1573 1688 mea.
1625 1657 1644 1686 Γ)

159 1712 199 1750 111
227 1716 430 1762 prospectu
455 1711 664 1750 habuimus
694 1711 849 1750 ursinae
878 1711 1056 1757 frustum,
1077 1711 1123 1748 de
1144 1723 1219 1759 quo
1240 1723 1328 1748 cum
1349 1710 1573 1760 imprudens

160 1770 332 1810 Scintilla
360 1775 564 1821 gustasset,
594 1783 715 1821 paene
743 1770 925 1809 intestina
953 1783 1023 1808 sua
1052 1769 1215 1816 vomuit;
1245 1782 1313 1819 ego
1334 1774 1468 1808 contra
1489 1769 1573 1819 plus
1624 1775 1643 1805 6

158 1830 295 1870 libram
324 1829 484 1877 comedi,
514 1843 606 1869 nam
634 1829 761 1880 ipsum
790 1843 927 1880 aprum
947 1829 1130 1879 sapiebat.
1179 1829 1278 1875 etsi,
1314 1829 1484 1878 inquam,
1515 1841 1573 1867 ur-

159 1902 226 1928 sus
252 1889 555 1929 homuncionem
585 1894 742 1937 comest,
773 1894 917 1939 quanto
937 1888 1058 1939 magis
1077 1888 1288 1926 homuncio
1308 1888 1419 1927 debet
1439 1901 1574 1927 ursum

159 1953 358 1988 comesse?
387 1949 426 1988 in
455 1962 608 1988 summo
636 1949 845 1987 habuimus
874 1961 1030 1987 caseum
1068 1947 1223 1986 mollem
1253 1960 1298 1986 ex
1328 1961 1421 1997 sapa
1449 1952 1486 1986 et
1515 1960 1573 1986 co·
1624 1952 1641 1984 7

159 2009 258 2048 01035
287 2008 457 2059 singulas
486 2014 522 2048 et
551 2009 688 2047 cordae
717 2009 838 2047 frusta
866 2013 902 2046 et
930 2007 1084 2058 hepatia
1113 2007 1151 2045 in
1182 2006 1315 2046 catillis
1344 2012 1380 2045 et
1409 2020 1480 2046 ova
1508 2007 1572 2057 pil-

158 2068 256 2107 leata
284 2072 321 2107 et
349 2081 482 2118 rapam
510 2073 547 2107 et
575 2081 717 2117 senape
746 2073 782 2106 01
811 2067 979 2106 catillum
1009 2071 1271 2113 concacatum‚
1301 2079 1374 2116 pax
1403 2066 1572 2105 Palame-

158 2128 237 2166 des.
263 2129 270 2138 ”
293 2127 407 2166 0113111
436 2127 475 2166 111
504 2128 611 2167 alveo
640 2127 862 2166 circumlata
890 2131 981 2165 sunt
1009 2125 1250 2176 oxycomina,
1279 2126 1381 2164 unde
1417 2124 1569 2174 quidam

158 2186 273 2226 etiam
316 2187 489 2236 improbe
529 2191 660 2226 ternos
701 2199 851 2237 pugnos
881 2187 1130 2225 sustulerunt.
1188 2198 1279 2224 nam
1308 2197 1449 2234 pernae
1483 2184 1573 2223 mis-

159 2246 311 2286 sionem
350 2246 537 2286 dedimus.
594 2247 661 2285 sed
691 2260 804 2286 narra
833 2246 942 2292 mihi,
971 2245 1053 2292 Gai,
1083 2257 1188 2294 rogo,
1217 2245 1428 2283 Fortunata
1457 2256 1574 2293 quare
1598 2245 1642 2279 67

159 2318 238 2344 non
268 2305 492 2345 recumbit‘?'
536 2306 742 2355 ‘quomodo
771 2305 885 2344 nosti'
916 2304 1038 2355 inquit
1068 2303 1196 2343 ‘illam'
1227 2303 1460 2342 Trimalchio
1487 2302 1571 2341 ‘nisi
1624 2310 1643 2339 2

158 2369 360 2415 argentum
389 2365 659 2415 composuerit,
687 2364 761 2404 nisi
791 2364 969 2414 reliquias
999 2363 1126 2414 pueris
1154 2362 1334 2409 diviserit,
1364 2375 1504 2412 aquam
1534 2361 1571 2400 in

266 2448 287 2480 9
311 2448 402 2481 viell.
422 2446 521 2482 Cissa
539 2447 704 2489 (κίσσα)*.
730 2466 773 2471 -
800 2447 942 2482 1311011111
970 2445 1221 2480 novendialem
1240 2446 1288 2479 H.
1307 2464 1354 2469 —
1381 2445 1424 2478 16
1451 2443 1573 2477 botulo

158 2500 196 2534 J.
224 2500 376 2534 Gronov.
403 2521 448 2526 —
476 2501 517 2534 17
545 2500 797 2535 saviunculum
823 2501 886 2534 Br.
913 2519 958 2523 -—
991 2501 1033 2533 19
1059 2499 1154 2533 vices
1180 2500 1230 2534 H.
1257 2517 1299 2523 —
1337 2498 1455 2540 causa]
1491 2508 1518 2530 5.
1545 2508 1572 2530 c.

160 2555 216 2596 47,
234 2554 266 2586 4.
293 2570 338 2576 —-—
363 2553 409 2587 20
434 2563 468 2588 u.
487 2553 528 2586 21
557 2552 743 2587 sciribilita
760 2553 808 2588 H.
835 2571 881 2576 ——
906 2554 952 2587 30
977 2552 1032 2595 ex]
1060 2555 1094 2586 et
1120 2553 1168 2586 H.
1195 2572 1240 2577 —
1267 2552 1310 2585 32
1337 2552 1573 2594 concagatum

160 2606 209 2641 H.
233 2625 280 2630 —
305 2605 351 2640 34
375 2605 585 2650 improbiter
610 2616 677 2640 nos
703 2616 822 2650 pugno
850 2607 897 2640 H.
