1732 2844
747 149 1006 187 „26-

171 262 260 311 quid
301 261 503 300 deverbia?
542 262 632 310 quid
675 261 933 299 tonstrinum?
984 262 1137 311 quando
1178 274 1309 311 parem
1349 262 1466 301 habui
1510 263 1581 302 nisi

122 328 142 360 5
170 333 292 359 unum
321 320 569 371 Apelletem?'
614 320 863 370 oppositaque
891 321 938 359 ad
981 333 1024 359 os
1070 334 1188 359 manu
1224 321 1353 360 nescio
1383 322 1474 371 quid
1507 328 1581 362 tae-

170 385 272 419 trum
302 379 525 426 exsibilavit‚
558 381 658 429 quod
688 385 821 430 postea
850 380 1039 418 Graecum
1069 393 1153 419 esse
1181 380 1408 420 affirmabat.

276 452 347 478 nec
376 452 453 478 non
485 439 717 478 Trimalchio
747 439 828 490 ipse
857 452 944 478 cum
974 440 1162 479 tubicines
1192 446 1292 479 esset
1320 440 1503 488 imitatus,
1533 443 1581 480 ad

121 508 141 539 6
169 500 321 539 delicias
350 512 440 537 suas
470 499 648 549 respexit,
688 512 802 549 quem
832 499 1018 538 Croesum
1047 500 1273 550 appellabat.
1330 513 1424 550 puer
1451 505 1581 540 autem

168 559 305 610 lippus,
336 558 609 597 sordidissimis
638 559 830 606 dentibus,
860 559 1033 597 catellam
1059 559 1209 609 nigram
1228 565 1342 609 atque
1362 560 1582 599 indecenter

169 620 351 669 pinguem
373 619 529 668 prasina
549 617 767 657 involvebat
795 618 910 656 fascia
938 631 1154 668 panemque
1184 619 1385 658 semissem
1415 620 1582 670 ponebat

122 683 140 717 7
168 692 283 729 super
312 684 438 717 torum
468 682 582 727 atque
613 678 719 725 [hac]
749 690 896 716 nausea
915 683 1159 716 recusantem
1179 678 1390 728 saginabat.
1422 691 1497 728 quo
1519 679 1581 717 ad-

166 738 337 777 monitus
373 736 484 776 officii
520 736 755 775 Trimalchio
794 736 991 786 Scylacem
1033 737 1141 775 iussit
1171 736 1306 776 adduci
1337 737 1582 787 ‘praesidium

166 799 304 836 domus
343 796 606 846 familiaeque'.
664 809 734 835 nec
772 809 891 843 mora,
930 795 1096 846 ingentis
1135 797 1280 835 formae
1309 798 1495 836 adductus
1525 802 1582 836 est

122 894 125 897 .
166 857 272 896 canis
311 861 446 895 catena
483 855 645 902 vinctus,
684 854 980 905 admonitusque
1021 855 1162 894 ostiarii
1198 857 1311 903 calce,
1342 861 1382 895 ut
1411 857 1581 904 cubaret,

119 926 139 958 8
166 922 255 956 ante
283 929 459 954 mensam
489 928 530 954 se
558 914 696 965 posuit.
753 920 835 953 tum
865 914 1098 954 Trimalchio
1124 916 1271 954 iactans
1292 916 1499 956 candidum
1519 931 1581 968 pa-

119 985 139 1016 9
166 990 255 1015 nem
277 975 418 1014 ‘nemo'
439 974 562 1024 inquit
581 975 633 1012 ‘in
655 975 769 1013 domo
789 988 876 1013 mea
895 988 957 1013 me
971 976 1056 1025 plus
1076 976 1204 1014 amat'.
1234 975 1455 1026 indignatus
1475 990 1582 1027 puer,

166 1036 267 1085 quod
297 1035 493 1084 Scylacem
522 1039 601 1072 tam
631 1034 748 1072 effuse
777 1035 961 1081 laudaret,
992 1035 1166 1073 catellam
1185 1035 1224 1073 in
1246 1040 1386 1074 terram
1408 1036 1582 1086 deposuit

164 1096 416 1144 hortatusque
444 1099 510 1142 est,
539 1099 581 1132 ut
609 1095 657 1132 ad
687 1094 810 1132 rixam
830 1100 1062 1144 properaret.
1109 1094 1258 1144 Scylax,
1280 1095 1419 1134 canino
1440 1095 1582 1136 scilicet

165 1168 258 1193 usus
286 1153 454 1204 ingenio,
484 1152 702 1192 taeterrimo
731 1153 870 1191 latratu
899 1153 1105 1191 triclinium
1133 1153 1302 1203 implevit
1321 1154 1581 1204 Margaritam-

96 1223 138 1256 10
166 1227 239 1263 que
259 1213 391 1253 Croesi
411 1226 533 1263 paene
552 1212 742 1251 laceravit.
800 1226 871 1251 nec
900 1212 1000 1251 intra
1029 1213 1152 1251 rixam
1181 1214 1369 1252 tumultus
1399 1214 1582 1262 constitit,

164 1275 231 1312 sed
272 1273 546 1312 candelabrum
589 1272 705 1310 etiam
734 1285 849 1322 super
878 1285 1055 1310 mensam
1085 1285 1262 1310 eversum
1303 1278 1340 1312 et
1382 1286 1472 1312 vasa
1502 1287 1580 1313 om-

164 1333 227 1372 nia
256 1332 474 1383 crystallina
502 1331 729 1371 comminuit
758 1337 795 1370 et
824 1332 906 1370 oleo
936 1331 1094 1369 ferventi
1123 1331 1266 1381 aliquot
1301 1332 1481 1371 convivas
1524 1346 1580 1372 re-

93 1400 134 1432 11
163 1393 312 1443 spersit.
369 1391 603 1430 Trimalchio
634 1405 682 1430 ne
702 1392 892 1430 videretur
912 1391 1057 1430 iactura
1076 1396 1217 1438 motus,
1238 1391 1398 1430 basiavit
1417 1405 1581 1442 puerum

94 1459 136 1491 12
163 1466 207 1492 ac
248 1451 358 1491 iussit
401 1464 515 1502 super
558 1452 717 1490 dorsum
760 1451 965 1489 ascendere
1007 1463 1133 1489 suum.
1191 1463 1269 1488 non
1306 1456 1479 1490 moratus
1519 1451 1581 1491 ille

162 1525 256 1551 usus
285 1518 338 1550 est
368 1524 466 1561 equo
494 1524 691 1560 manuque
720 1511 835 1560 plena
864 1510 1039 1560 scapulas
1068 1510 1149 1548 eius
1170 1509 1334 1549 subinde
1354 1511 1579 1558 verberavit,

93 1578 134 1610 13
162 1572 337 1621 interque
366 1570 486 1609 risum
516 1570 782 1620 proclamavit:
813 1569 959 1616 ⁴bucca,
990 1570 1121 1616 bucca,
1152 1574 1244 1619 quot
1273 1575 1363 1608 sunt
1391 1570 1491 1609 hicP’
1521 1584 1580 1610 re·

162 1644 317 1682 pressus
356 1644 445 1680 ergo
488 1629 722 1680 aliquamdiu
761 1628 995 1667 Trimalchio
1025 1629 1226 1667 camellam
1255 1631 1442 1679 grandem
1470 1630 1579 1670 iussit

165 1690 317 1730 misceri

161 1750 335 1801 potiones
365 1749 478 1788 dividi
508 1748 690 1787 omnibus
720 1748 852 1794 servis,
883 1748 946 1797 qui
975 1749 1023 1786 ad
1052 1749 1167 1798 pedes
1197 1749 1394 1796 sedebant,
1432 1749 1580 1788 adiecta

161 1810 398 1860 exceptione:
430 1809 474 1847 ‘si
504 1808 600 1858 quis'
631 1807 754 1858 inquit
775 1807 951 1846 ‘noluerit
971 1806 1155 1857 accipere,
1177 1813 1289 1858 caput
1308 1807 1360 1846 illi
1379 1809 1577 1859 perfunde.

161 1869 327 1908 interdiu
357 1881 501 1914 severa,
531 1880 637 1906 nunc
663 1865 826 1906 hilaria'.

87 1932 134 1968 65
267 1929 369 1967 hanc
407 1926 691 1966 humanitatem
720 1926 916 1965 insecutae
944 1931 1035 1965 sunt
1064 1931 1240 1973 matteae⁷
1270 1939 1433 1976 quarum
1462 1926 1577 1965 etiam

114 1998 133 2028 2
161 1988 373 2027 recordatio
402 2001 477 2034 me,
508 1987 538 2025 si
569 2000 643 2036 qua
673 1991 730 2025 est
759 1986 899 2024 dicenti
929 1986 1034 2033 fides,
1065 1986 1233 2024 offendit.
1283 1985 1454 2036 singulae
1474 1986 1577 2025 enim

160 2047 322 2098 gallinae
350 2047 470 2085 altiles
498 2059 568 2096 pro
598 2046 719 2084 turdis
750 2046 995 2085 circumlatae
1024 2051 1114 2084 sunt
1144 2051 1179 2084 et
1209 2059 1279 2085 ova
1307 2045 1487 2084 anserina
1512 2046 1577 2096 pil-

159 2107 271 2154 leata,
301 2119 399 2156 quae
428 2111 469 2145 ut
499 2119 774 2154 comessemus,
804 2105 1115 2144 ambitiosissime
1143 2119 1168 2144 a
1197 2105 1309 2144 nobis
1344 2105 1576 2144 Trimalchio

113 2175 132 2206 3
161 2166 266 2217 petiit
294 2166 424 2205 dicens
454 2170 651 2204 exossatas
681 2179 766 2204 esse
795 2165 967 2216 gallinas.
1024 2165 1123 2203 inter
1151 2165 1247 2204 haec
1277 2164 1430 2203 triclinii
1449 2165 1576 2204 valvas

159 2226 269 2264 lictor
307 2224 508 2275 percussit,
547 2224 787 2274 amictusque
826 2230 930 2264 veste
958 2225 1045 2263 alba
1074 2237 1162 2263 curn
1190 2224 1336 2277 ingenti
1364 2224 1576 2274 frequentia

1610 804 1653 837 10

1610 1100 1652 1133 15

1607 1397 1652 1429 20

1605 1693 1650 1726 25

1603 1994 1648 2026 30

112 2293 133 2324 4
159 2285 384 2324 comissator
413 2284 578 2323 intravit.
635 2297 704 2334 ego
737 2284 937 2323 maiestate
975 2284 1203 2323 conterritus
1236 2289 1447 2334 praetorem
1470 2288 1575 2333 puta»
1601 2288 1646 2321 35

160 2346 249 2383 bam
278 2345 440 2383 venisse.
496 2344 624 2393 itaque
652 2344 833 2394 temptavi
863 2357 1064 2393 assurgere
1093 2349 1128 2382 et
1157 2344 1281 2382 nudos
1311 2344 1425 2394 pedes
1445 2342 1484 2381 in
1505 2347 1576 2382 ter-

112 2412 132 2443 5
160 2417 243 2442 ram
272 2404 428 2442 deferre.
486 2403 567 2442 risit
594 2404 697 2442 hane
726 2404 1016 2453 trepidationem
1045 2402 1315 2453 Agamemnon
1344 2407 1381 2441 et
1409 2401 1577 2441 ‘contine

159 2464 207 2502 te'
237 2463 360 2513 inquit
390 2464 519 2502 ‘homo
550 2462 786 2502 stultissime.
842 2462 1044 2501 Habinnas
1074 2462 1172 2500 sevir
1202 2466 1257 2500 est
1287 2462 1464 2512 idemque
1482 2461 1575 2512 lapi-

158 2522 301 2569 darius,
334 2521 398 2572 qui
428 2522 659 2570 vide[re]tur
687 2527 942 2560 monumenta
971 2522 1112 2572 optime
1141 2521 1290 2560 facere'.

267 2646 286 2678 2
320 2645 553 2689 appositaque
579 2647 643 2679 Br.
672 2665 714 2670 -
750 2647 767 2679 7
795 2656 993 2680 semessum
1020 2646 1222 2679 Burmann.
1248 2664 1295 2669 —
1329 2646 1351 2678 9
1385 2644 1498 2679 officio
1525 2645 1574 2678 H.
