1732 2844
131 274 150 304 9

109 390 151 422 10

108 509 148 540 11

108 627 150 659 12

102 1750 150 1787 43

756 150 1014 187 -ῙΟ-

284 261 331 299 ab
360 262 435 299 hoc
462 261 604 300 ferculo
633 260 867 299 Trimalchio
896 262 943 299 ad
963 262 1139 300 lasanum
1167 260 1342 300 surrexit.
1392 275 1461 300 nos
1480 261 1589 301 liber-

178 325 295 359 tatem
325 320 408 359 sine
436 325 600 370 tyranno
630 320 731 359 nacti
761 321 956 371 coepimus
986 320 1145 359 invitare
1175 321 1422 360 convivarum
1447 334 1589 360 sermo-

177 392 258 418 nes.
316 380 437 418 Dama
466 380 592 429 itaque
621 380 766 430 primus
796 393 883 418 cum
904 380 1123 430 pataracina
1142 380 1389 430 poposcisset,
1410 381 1514 420 ‘dies'
1535 381 1590 419 in-

178 438 258 488 quit
288 439 394 478 ‘nihil
423 444 491 478 cst.
536 440 627 477 dum
649 451 777 477 versas
798 445 845 486 te,
878 453 954 478 nox
985 440 1036 478 fit.
1086 439 1211 489 itaque
1241 439 1335 478 nihil
1364 445 1420 478 est
1440 441 1588 487 melius,

178 511 293 548 quam
331 499 377 537 de
415 498 588 537 cubiculo
627 503 729 537 recta
763 498 801 536 in
832 499 1037 537 triclinium
1067 499 1133 537 ire.
1190 504 1225 537 et
1254 500 1444 537 mundum
1473 499 1590 550 frigus
1639 507 1660 539 5

176 558 395 596 habuimus.
432 557 492 595 vix
523 570 585 596 me
613 557 774 596 balneus
804 558 959 597 calfecit.
990 564 1119 597 tamen
1140 558 1247 597 calda
1267 559 1368 608 potio
1389 558 1589 597 vestiarius

178 622 245 655 est.
295 618 519 656 staminatas
549 616 651 663 duxi,
681 622 716 655 et
745 618 858 667 plane
886 622 1012 656 matus
1042 631 1140 656 sum.
1184 618 1296 656 vinus
1316 618 1410 656 mihi
1429 617 1469 656 in
1490 630 1590 656 cere-

176 676 289 715 brum
319 677 434 715 abiit'.

285 737 430 786 excepit
461 736 642 774 Seleucus
671 736 820 774 fabulae
848 741 996 785 partem
1023 741 1058 774 et
1079 737 1172 786 ‘ego'
1194 735 1316 785 inquit
1344 737 1433 775 ‘non
1454 736 1590 775 cotidie

177 796 301 843 lavor;
332 795 497 834 baliscus
526 795 629 834 enim
650 795 740 833 fullo
761 800 829 842 est,
851 808 950 845 aqua
970 797 1103 834 dentes
1124 796 1252 842 habet,
1274 801 1310 834 et
1329 809 1393 835 cor
1414 802 1589 835 nostrum
1617 803 1660 835 10

177 855 312 894 cotidie
339 855 524 904 liquescit.
582 855 647 893 sed
677 867 765 893 cum
793 854 907 893 mulsi
938 855 1143 904 pultarium
1173 855 1327 901 obduxi,
1359 855 1489 906 frigori
1517 857 1589 895 lae-

177 915 282 953 casin
321 915 415 953 dico.
473 927 544 952 nec
582 927 674 953 sane
711 915 838 952 lavare
875 914 998 964 potui3
1038 914 1089 952 fui
1119 914 1222 953 enim
1250 915 1364 953 hodie
1393 915 1431 954 in
1461 915 1588 954 funus.

175 975 293 1013 homo
322 974 455 1020 bellus,
486 979 564 1012 tam
594 974 718 1012 honus
749 973 1017 1023 Chrysanthus
1046 973 1216 1012 animam
1250 973 1406 1013 ebulliit.
1462 975 1590 1023 modo,

176 1035 290 1072 modo
325 1047 387 1072 me
422 1033 634 1083 appellavit.
692 1033 820 1071 videor
854 1032 949 1071 mihi
980 1046 1068 1072 cum
1096 1033 1159 1072 illo
1188 1034 1302 1083 loqui.
1358 1035 1448 1082 heu,
1477 1035 1587 1073 eheu.

176 1099 281 1132 utres
310 1092 430 1131 inflati
459 1093 715 1131 ambulamus.
772 1092 932 1131 minoris
963 1105 1077 1142 quam
1097 1106 1253 1131 muscae
1273 1106 1420 1141 sumus,
1440 1107 1589 1133 muscae
1616 1103 1658 1135 15

177 1158 306 1191 tamen
345 1152 511 1202 aliquam
546 1152 725 1190 virtutem
762 1153 919 1198 habent,
950 1165 1022 1190 nos
1051 1166 1131 1190 non
1160 1153 1278 1202 pluris
1308 1166 1442 1192 sumus
1471 1167 1588 1203 quam

176 1213 311 1251 bullae.
370 1217 406 1250 et
435 1212 525 1262 quid
553 1212 584 1250 si
605 1225 685 1250 non
705 1212 881 1250 abstinax
902 1211 1046 1250 fuisset.
1095 1212 1263 1261 quinque
1289 1213 1368 1250 dies
1388 1226 1528 1262 aquam
1547 1212 1587 1250 in

177 1285 220 1310 os
249 1285 363 1310 suum
392 1285 471 1311 non
502 1271 672 1316 coniecit,
688 1284 767 1310 non
788 1270 928 1309 micam
948 1271 1070 1321 panis.
1118 1277 1247 1310 tamen
1268 1271 1360 1310 abiit
1379 1273 1426 1310 ad
1446 1272 1586 1322 plures.

175 1331 312 1370 medici
349 1331 456 1370 illum
494 1331 753 1381 perdiderunt,
791 1331 910 1369 immo
948 1330 1070 1381 magis
1107 1331 1231 1370 malus
1269 1331 1386 1378 fatus3
1416 1331 1587 1370 medicus

178 1391 281 1429 enim
312 1390 407 1429 nihil
433 1390 535 1429 aliud
565 1395 621 1429 est
651 1403 766 1440 quam
795 1390 914 1429 animi
929 1390 1151 1429 consolatio.
1199 1395 1328 1429 tamen
1349 1391 1447 1429 bene
1467 1391 1587 1430 elatus
1613 1400 1658 1432 20

176 1456 245 1498 est,
274 1449 376 1489 vitali
402 1450 513 1496 lecto,
543 1450 719 1500 stragulis
749 1450 872 1488 bonis.
929 1450 1104 1500 planctus
1134 1455 1191 1488 est
1220 1450 1361 1501 optime
1391 1473 1438 1476 —
1468 1463 1588 1489 manu

175 1510 278 1549 misit
306 1510 449 1560 aliquot
484 1532 530 1536 —-
553 1509 667 1548 etiam
696 1509 727 1548 si
756 1509 923 1560 maligne
951 1510 1057 1548 illum
1086 1509 1245 1559 ploravit
1274 1522 1383 1549 uxor.
1437 1510 1527 1559 quid
1557 1509 1586 1548 si

175 1583 256 1608 non
285 1569 387 1608 illam
408 1570 549 1620 optime
569 1569 788 1619 accepisset.
837 1570 904 1607 sed
932 1569 1069 1607 mulier
1099 1582 1196 1618 quae
1224 1569 1361 1607 mulier
1386 1569 1587 1608 milvinum

175 1642 309 1679 genus.
350 1629 545 1668 neminem
583 1629 678 1667 nihil
706 1628 798 1666 boni
827 1629 950 1667 facere
979 1633 1147 1679 oportet3
1177 1641 1298 1678 aeque
1326 1633 1382 1667 est
1411 1628 1515 1667 enim
1544 1642 1588 1667 ac

176 1689 207 1728 si
236 1689 274 1727 in
305 1694 463 1739 puteum
493 1689 670 1727 conicias.
729 1689 795 1726 sed
824 1687 1004 1738 antiquus
1033 1701 1142 1727 amor
1171 1701 1308 1727 cancer
1336 1689 1417 1727 est'.
1452 1720 1455 1721 γ
1614 1696 1657 1728 25

282 1749 467 1787 molestus
496 1748 577 1795 fuit,
606 1748 857 1797 Philerosque
885 1747 1149 1798 proclamavit:
1189 1748 1375 1786 ‘vivorum
1403 1747 1586 1787 memine-

176 1809 307 1847 rimus.
350 1808 411 1846 ille
447 1808 575 1855 habet,
614 1808 715 1858 quod
745 1807 815 1845 sibi
845 1808 1071 1846 debebatur:
1101 1808 1265 1845 honeste
1293 1807 1395 1854 vixit,
1425 1807 1588 1846 honeste

176 1868 279 1906 obiit.
337 1867 427 1917 quid
455 1868 571 1906 habet
600 1868 703 1917 quod
732 1870 935 1916 queratur?
965 1867 1012 1905 ab
1042 1880 1127 1905 asse
1147 1866 1263 1905 crevit
1288 1872 1325 1905 et
1344 1872 1498 1917 paratus
1519 1866 1587 1905 fuit

176 1928 429 1976 quadrantem
458 1927 505 1965 de
534 1933 701 1965 stercore
728 1925 923 1965 mordicus
941 1926 1082 1964 tollere.
1112 1926 1239 1975 itaque
1259 1926 1387 1972 crevit,
1408 1925 1587 1975 quicquid

176 1986 304 2033 crevit,
333 1991 517 2036 tanquam
547 1986 668 2025 favus.
719 1991 811 2036 puto
840 1986 1078 2024 mehercules
1107 1985 1213 2023 illum
1242 1985 1440 2034 reliquisse
1468 1984 1588 2024 solida
1613 1992 1657 2024 30

179 2050 347 2092 centum,
377 2050 414 2084 et
443 2045 572 2084 omnia
601 2045 640 2083 in
671 2045 841 2083 nummis
868 2045 1016 2084 habuit.
1072 2046 1118 2083 de
1146 2058 1187 2083 re
1216 2050 1343 2083 tamen
1365 2057 1434 2095 ego
1454 2058 1587 2083 verum

176 2105 312 2150 dicam,
334 2104 397 2154 qui
425 2104 596 2155 linguam
627 2105 805 2143 caninam
835 2104 1003 2143 comedi:
1034 2105 1151 2143 durae
1179 2105 1322 2143 buccae
1342 2104 1421 2152 fuit,
1440 2104 1587 2153 linguo-

177 2177 256 2211 sus,
286 2164 486 2211 discordia,
518 2177 596 2202 non
625 2165 754 2202 homo.
812 2164 926 2202 frater
955 2163 1036 2202 eius
1057 2163 1164 2202 fortis
1184 2163 1263 2210 fuit,
1285 2164 1431 2202 amicus
1450 2163 1586 2210 amico,

176 2237 295 2262 manu
324 2225 449 2274 plena,
478 2230 594 2262 uncta
622 2237 769 2262 mensa.
800 2228 835 2262 et
855 2222 954 2262 inter
974 2223 1081 2262 initia
1109 2223 1251 2261 malam
1271 2236 1425 2273 parram
1445 2222 1586 2273 pilavit,

177 2284 243 2322 sed
263 2284 472 2322 recorrexit
492 2288 618 2322 costas
638 2283 736 2321 illius
758 2282 880 2333 prima
900 2282 1107 2322 vindemia:
1130 2283 1297 2321 vendidit
1317 2281 1420 2321 enim
1441 2281 1586 2329 vinum,
1611 2288 1656 2320 35

177 2343 309 2392 quanti
338 2343 418 2393 ipse
448 2343 577 2383 voluit.
634 2348 670 2382 et
699 2344 800 2392 quod
829 2343 928 2381 illius
957 2348 1132 2380 mentum
1153 2341 1316 2388 sustulit,
1335 2341 1586 2380 hereditatem

176 2402 331 2452 accepity
375 2415 419 2440 ex
459 2415 534 2452 qua
573 2402 656 2452 plus
685 2401 878 2450 involavit,
909 2415 1024 2451 quam
1053 2401 1105 2440 illi
1133 2400 1307 2440 relictum
1336 2406 1404 2440 est.
1462 2406 1497 2439 et
1525 2401 1587 2439 ille

176 2461 282 2512 stips,
312 2462 403 2500 dum
432 2461 538 2501 fratri
567 2475 636 2500 suo
666 2461 852 2509 irascitur,
896 2461 1026 2500 nescio
1055 2460 1114 2499 cui
1143 2466 1266 2499 terrae
1304 2459 1379 2498 filio
1407 2459 1585 2509 patrimo-

283 2594 303 2627 3
329 2593 454 2635 Dama]
482 2593 612 2626 clamat
629 2594 677 2627 H.
702 2613 744 2616 μ’
777 2593 818 2626 10
844 2592 1046 2626 balaniscus
1063 2593 1260 2625 Reinesessus.
1287 2611 1332 2615 —
1360 2591 1402 2624 15
1428 2589 1585 2624 minores

175 2647 223 2680 H.
251 2667 295 2671 —
322 2647 365 2680 25
392 2646 551 2680 Phileros
578 2646 637 2690 qui
655 2648 702 2680 H.
732 2667 774 2670 —-
801 2646 846 2679 34
871 2648 980 2679 uncta
1005 2645 1110 2689 plena
1127 2645 1175 2678 H.
1202 2665 1247 2669 -
1273 2644 1317 2678 36
1343 2646 1517 2687 quantum
1535 2643 1584 2677 H.
