1737 2823
747 113 1004 150 ,47-

172 223 331 275 siliginis
366 223 515 262 modios
544 223 621 269 XL,
660 228 695 261 et
724 221 846 261 sorori
875 236 983 262 meae
1012 223 1204 269 Quirinae,
1241 223 1279 261 in
1314 223 1420 262 cuins
1452 230 1578 264 votum

171 283 355 322 interesse
393 295 470 321 11011
509 282 626 332 potui,
665 283 714 320 do
751 282 834 332 lego
872 282 952 320 dari
988 282 1118 320 hordei
1149 283 1297 320 modios
1325 283 1441 322 XXX.
1470 290 1506 323 et
1535 286 1581 324 de

171 341 266 381 meis
296 341 504 380 visceribus
533 342 632 380 dabo
660 341 813 379 donabo
842 340 1036 379 sutoribus
1065 347 1202 388 saetas,
1238 342 1452 381 rixoribus¹
1483 344 1580 393 capi-

170 400 282 448 tinas,
319 400 445 439 surdis
476 400 677 446 auriculas,
713 399 913 438 causidicis
942 405 978 438 et
1007 400 1177 438 verbosis
1204 400 1387 450 linguam,
1424 402 1580 441 bubula-

171 458 259 498 riis²
293 458 485 506 intestina,
524 457 726 498 esiciariis³
758 459 915 505 femora,
951 458 1176 497 mulieribus
1211 460 1415 507 lumbulos,
1453 461 1581 511 pueris

170 518 347 566 vesicam,
384 518 518 569 puellis
546 518 720 565 caudam,
750 517 917 556 cinaedis
937 518 1144 565 musculos,
1173 518 1395 557 cursoribus
1415 524 1451 557 et
1472 532 1581 559 vena-

171 578 317 617 toribus
353 578 460 625 talos,
500 577 714 616 latronibus
750 578 924 627 ungulas.
981 582 1017 616 et
1047 590 1117 615 nec
1146 577 1384 616 nominando
1413 591 1503 617 coco
1533 580 1580 618 le-

170 643 257 689 gato
291 637 438 676 dimitto
476 637 628 687 popiam
658 641 694 675 et
723 636 916 687 pistillum,
952 649 1049 686 quae
1078 649 1229 675 mecum
1259 637 1479 684 attuleram3
1535 639 1581 677 dc

170 697 359 736 Theveste
387 709 509 746 usque
538 697 587 735 ad
610 696 792 746 Tergeste
819 696 908 746 liget
936 695 1008 734 sibi
1037 695 1176 734 collum
1206 697 1252 734 de
1282 701 1391 735 reste.
1431 702 1467 735 et
1496 697 1580 735 volo

170 755 264 795 mihi
293 755 372 795 fieri
402 761 699 795 monumentum
729 768 774 794 ex
802 755 936 794 litteris
965 755 1090 794 aureis
1119 755 1321 806 scriptum:
1351 756 1429 794 “M.
1459 756 1581 795 Grun-

170 815 258 854 nius
286 815 489 855 Coroeotta
529 815 716 866 porcellus
759 814 850 853 vixit
891 815 1005 853 annis
1039 814 1223 854 DCCCC·
1253 815 1342 853 XC·
1373 815 1470 854 VIIII
1488 825 1496 833 ·
1527 816 1553 855 S
1572 826 1580 833 ·

169 875 304 925 quodsi
334 874 450 914 semis
478 874 642 920 vixisset,
673 874 774 913 mille
803 887 926 913 annos
955 874 1190 925 implesset'’.
1229 874 1361 925 optimi
1391 880 1581 914 amatores

167 933 243 973 mei
281 934 343 973 uel
381 934 558 973 consules
594 933 703 981 vitae,
745 947 836 984 rogo
865 947 932 972 vos
968 939 1009 972 ut
1038 947 1127 973 cum
1164 947 1323 984 corpore
1360 947 1447 973 meo
1483 935 1582 974 bene

169 993 324 1041 faciatis,
359 993 458 1032 bene
487 993 673 1032 condiatis
702 994 749 1032 de
778 993 890 1032 bonis
919 993 1176 1032 condimentis
1205 994 1342 1040 nuclei,
1378 993 1518 1044 piperis
1546 999 1582 1033 et

168 1052 303 1100 mellis,
343 1058 383 1092 ut
417 1066 561 1091 nomen
589 1066 719 1092 meum
750 1053 788 1091 in
819 1052 1096 1103 sempiternum
1126 1053 1357 1092 nominetur.
1414 1052 1489 1092 mei
1519 1054 1581 1092 do-

168 1112 263 1151 mini
283 1112 340 1151 vel
367 1111 588 1151 consobrini
608 1113 695 1160 mei,
727 1112 790 1162 qui
819 1117 1048 1151 testamento
1073 1125 1159 1151 meo
1186 1111 1426 1160 interfuistis3
1456 1112 1583 1151 iubete

169 1170 337 1222 signari.’

273 1230 412 1270 Lardio
454 1230 629 1282 signavit.
684 1231 863 1270 Ofellicus
905 1231 1080 1281 signavit.
1137 1230 1362 1281 Cyminatus
1404 1230 1579 1282 signavit.

167 1290 382 1330 Lucanicus
429 1290 604 1341 signavit.
684 1291 872 1342 Tergillus
919 1290 1091 1341 signavit.
1182 1290 1358 1329 Celsinus
1406 1290 1578 1341 signavit.

168 1349 406 1400 Nuptialicus
434 1349 608 1400 signavit.

275 1408 426 1459 explicit
454 1414 726 1448 testamentum
757 1410 910 1460 porcelli
938 1410 1010 1448 sub
1040 1409 1100 1448 die
1125 1410 1211 1448 XVI
1235 1409 1316 1449 Kal.
1344 1409 1581 1449 Lucerninas

169 1467 368 1507 Clibanato
397 1473 434 1508 et
460 1468 638 1519 Piperato
668 1468 890 1508 consulibus
920 1469 1088 1510 feliciter.

276 1591 289 1611 ¹
321 1592 494 1627 risoribus
530 1605 636 1627 verm.
664 1594 736 1627 Leo
770 1594 894 1634 (Thes.
921 1594 944 1627 l.
972 1595 993 1628 l.
1020 1605 1048 1629 s.
1074 1605 1103 1628 v.
1131 1595 1321 1638 capitina),
1361 1592 1582 1627 vixatoribus

168 1646 312 1680 andere.
330 1666 375 1672 —
403 1645 417 1665 ²
441 1646 627 1681 botulariis
650 1658 754 1681 verm.
773 1648 909 1691 Haupt.
931 1667 974 1673 —
1004 1646 1017 1667 ³
1041 1647 1203 1682 isiciariis
1227 1649 1290 1681 mit
1307 1649 1404 1681 einer
1421 1646 1580 1680 Hdschr.

168 1699 370 1735 Buecheler.
