1737 2823
81 737 124 770 10

82 1037 126 1069 15

82 1631 126 1663 25

83 1925 128 1958 30

83 2224 128 2256 35

148 212 194 239 ex
210 199 499 249 quadragesima
519 197 790 248 respondisset,
812 197 1024 248 ‘empticius
1044 199 1106 237 an'
1128 199 1248 248 inquit
1269 201 1383 239 ‘domi
1406 203 1555 240 natus?v

147 258 353 297 ‘neutrum’
383 257 505 307 inquit
534 270 647 296 cocus
669 257 748 295 ‘sed
769 262 996 296 testamento
1017 258 1165 297 Pansae
1186 258 1250 296 tibi
1272 260 1423 298 relictus
1444 262 1556 300 sum'.

148 317 244 356 ‘vide
273 317 375 367 ergo‘
404 317 453 356 ait
483 319 536 355 ‘ut
565 316 764 366 diligenter
793 330 931 366 ponas3
962 316 992 354 si
1024 330 1115 363 non,
1146 322 1181 355 tc
1211 317 1349 356 iubebo
1379 319 1417 357 in
1447 321 1559 358 decu-
1586 327 1626 358 13

147 377 243 416 riam
265 376 452 415 viatorum
479 375 626 415 conici'.
658 381 693 414 et
722 389 854 414 cocum
880 377 1032 425 quidem
1056 377 1244 426 potentiae
1264 378 1502 416 admonitum
1520 379 1554 416 in

147 435 314 476 culinam
344 434 549 474 obsonium
579 435 696 481 duxit,
728 435 960 474 Trimalchio
989 441 1117 474 autem
1150 436 1231 474 miti
1265 437 1312 475 ad
1347 450 1418 475 nos
1453 438 1556 475 vultu
1583 438 1630 474 4⁶3

147 495 314 545 respexit
355 499 391 533 et
432 493 587 532 ‘vinum'
634 493 755 544 inquit
794 494 838 532 ‘si
878 508 955 532 non
995 495 1127 544 placet,
1166 495 1341 542 mutabo;
1372 509 1438 534 vos
1467 496 1558 534 illud

148 559 297 605 oportet
324 554 471 592 bonum
500 552 654 592 faciatis.
712 554 872 592 deorum
903 553 1086 592 beneficio
1116 566 1194 593 non
1225 567 1323 601 emo,
1354 556 1420 593 sed
1455 569 1559 593 nunc
1609 563 1628 593 2

148 612 327 664 quicquid
355 613 402 651 ad
431 611 589 651 salivam
618 612 717 659 facit,
746 613 785 651 in
815 613 1039 652 suburbano
1069 614 1238 652 nascitur
1267 627 1324 660 eo,
1355 615 1456 664 quod
1491 627 1559 664 ego

149 673 274 712 adhuc
303 685 380 711 non
412 672 512 710 novi.
569 672 705 711 dicitur
734 672 886 711 confine
915 685 999 711 esse
1028 672 1388 712 Tarraciniensibus
1424 678 1460 711 et
1488 673 1558 711 Ta-

149 731 321 771 rentinis.
378 744 483 770 nunc
511 731 743 782 coniungere
772 732 902 782 agellis
932 731 1099 771 Siciliam
1129 732 1225 779 volo,
1255 737 1296 770 ut
1335 745 1423 771 cum
1463 732 1558 770 Afri·
1609 739 1627 771 :3

149 804 235 831 cam
263 791 414 829 libuerit
443 791 508 837 ire,
538 803 605 841 per
633 804 739 830 meos
770 791 865 830 fines
895 791 1084 841 navigem.
1144 792 1210 830 sed
1239 805 1354 830 narra
1383 797 1422 830 tu
1452 792 1559 837 mihi,
1609 798 1629 829 4

149 851 432 901 Agamemnon,
463 863 578 900 quam
607 851 907 890 controversiam
933 851 1047 889 hodie
1066 851 1310 890 declamasti?
1357 864 1426 901 ego
1447 851 1560 889 etiam

152 909 183 949 si
212 923 348 949 causas
377 922 456 948 non
485 923 567 960 ago,
598 910 638 948 in
667 910 935 949 domusionem
956 915 1084 948 tamen
1112 909 1258 948 litteras
1288 910 1410 949 didici.
1456 916 1492 949 et
1512 923 1561 949 ne

152 983 214 1008 me
243 975 353 1020 putes
382 969 507 1008 studia
534 969 755 1016 fastiditum,
791 969 821 1007 II
851 968 1099 1008 bibliothecas
1126 969 1264 1017 habeo,
1299 983 1418 1008 unam
1447 970 1560 1008 Grae-

152 1041 249 1076 cam,
278 1030 437 1068 alteram
465 1028 654 1067 Latinam.
711 1028 770 1067 dic
798 1042 900 1078 ergo,
930 1027 961 1067 si
988 1042 1052 1067 me
1089 1042 1209 1075 amas,
1248 1028 1462 1079 peristasim
1500 1029 1560 1067 de-

151 1087 389 1128 clamationis
419 1088 530 1126 tuae'.
588 1100 676 1126 cum
705 1088 861 1127 dixisset
880 1088 1166 1138 Agamemnon:
1202 1089 1358 1139 ‘pauper
1391 1093 1426 1126 et
1457 1088 1561 1127 dives
1611 1097 1631 1128 5

150 1147 296 1186 inimici
324 1147 456 1194 erant',
488 1146 538 1186 ait
567 1147 799 1186 Trimalchio
829 1147 932 1197 ‘quid
961 1153 1018 1186 est
1037 1148 1218 1198 pauper‘?'
1249 1147 1418 1186 ‘urbane’
1440 1147 1562 1197 inquit

150 1207 421 1258 Agamemnon
462 1211 499 1245 et
541 1206 669 1245 nescio
708 1220 824 1256 quam
858 1206 1158 1246 controversiam
1192 1207 1377 1257 exposuit.
1433 1206 1561 1245 statim
1611 1217 1632 1247 6

151 1266 384 1306 Trimalchio
442 1266 539 1305 ‘hoc'
595 1266 719 1316 inquit
771 1267 815 1305 ‘si
867 1267 1009 1306 factum
1056 1272 1125 1314 est,
1178 1266 1436 1305 controversia
1482 1279 1562 1304 non

151 1330 226 1373 est3
256 1325 287 1364 si
315 1325 458 1364 factum
486 1338 565 1364 non
595 1331 663 1373 est,
693 1325 788 1364 nihil
816 1325 897 1365 est’.
952 1327 1046 1365 haec
1077 1326 1224 1375 aliaque
1261 1339 1348 1364 cum
1383 1325 1562 1365 effusissi-
1613 1333 1631 1366 7

151 1385 225 1424 mis
263 1398 584 1435 prosequeremur
619 1385 915 1432 laudationibus,
954 1386 1072 1435 ‘rogo'
1115 1386 1237 1436 inquit
1279 1385 1560 1436 ‘Agamemnon

153 1444 248 1483 mihi
289 1444 496 1493 carissime,
539 1445 727 1495 numquid
770 1444 971 1484 duodecim
1000 1458 1207 1483 aerumnas
1235 1444 1411 1483 Herculis
1440 1450 1561 1486 tenes,

152 1509 218 1543 aut
256 1505 304 1543 de
354 1504 462 1543 Vlixe
503 1504 684 1551 fabulam,
727 1505 1052 1554 quemadmodum
1092 1504 1144 1543 illi
1187 1504 1345 1555 Cyclops
1387 1505 1561 1555 pollicem

151 1563 358 1615 †poricino
393 1564 576 1603 extorsit?
614 1564 785 1603 solebam
826 1565 921 1603 haec
958 1577 1026 1615 ego
1069 1577 1163 1614 puer
1204 1566 1304 1615 apud
1347 1564 1561 1603 Homerum

150 1623 287 1674 legere.
334 1637 426 1662 nam
455 1623 639 1673 Sibyllam
669 1623 823 1674 quidem
851 1623 984 1663 Cumis
1013 1637 1082 1674 ego
1110 1624 1192 1674 ipse
1221 1624 1338 1662 oculis
1367 1623 1462 1662 meis
1488 1623 1561 1662 vidi
1612 1631 1633 1663 8

152 1682 192 1722 in
221 1683 390 1734 ampulla
409 1684 586 1733 pendere,
607 1688 644 1722 et
663 1696 751 1723 cum
771 1684 822 1722 illi
842 1683 948 1735 pueri
969 1683 1156 1723 dicerent:
1177 1689 1342 1731 Σίβυλλα,
1368 1689 1402 1723 τί
1428 1690 1562 1731 θέλεις;

152 1742 410 1793 respondebat
438 1742 516 1781 illa:
552 1749 756 1784 ἀποθανεῖν
780 1750 904 1784 θέλω]

259 1802 434 1840 nondum
468 1802 660 1842 efflaverat
697 1804 839 1851 omnia,
875 1817 962 1843 cum
998 1802 1267 1854 repositorium
1296 1816 1383 1842 cum
1412 1815 1481 1841 sue
1508 1802 1562 1841 in·
1588 1802 1636 1839 49

153 1860 256 1911 genti
293 1874 471 1900 mensam
509 1862 718 1912 occupavit.
774 1862 904 1902 mirari
942 1876 1014 1903 nos
1044 1864 1274 1903 celeritatem
1303 1862 1499 1912 coepimus
1528 1867 1564 1901 et
1613 1869 1633 1899 2

153 1920 292 1968 iurare,
312 1934 362 1960 ne
380 1921 523 1971 gallum
542 1921 698 1972 quidem
716 1923 969 1973 gallinaceum
989 1928 1068 1962 tam
1088 1922 1160 1962 cito
1181 1921 1360 1973 percoqui
1380 1921 1563 1973 potuisse,

152 1984 261 2019 tanto
289 1980 443 2030 quidem
471 1981 605 2031 magis,
635 1983 738 2031 quod
764 1982 878 2033 longe
907 1982 1029 2022 maior
1058 1982 1169 2021 nobis
1198 1994 1337 2032 porcus
1366 1981 1562 2020 videbatur
1613 1988 1633 2019 3

153 2051 249 2086 esse,
289 2052 404 2088 quam
440 2040 552 2090 paulo
590 2046 681 2080 ante
717 2055 808 2092 aper
845 2043 978 2081 fuerat.
1035 2043 1170 2081 deinde
1210 2041 1332 2092 magis
1366 2041 1564 2091 magisque

153 2098 386 2150 Trimalchio
414 2098 569 2138 intuens
597 2113 686 2139 eum
716 2101 844 2150 ‘quidP
874 2101 1001 2151 quid?
1042 2101 1165 2151 inquit
1194 2102 1346 2152 ‘porcus
1383 2100 1447 2138 hic
1484 2113 1562 2138 non
1613 2107 1635 2137 4

154 2163 211 2196 est
248 2157 510 2198 exinteratus?
564 2172 643 2198 non
680 2160 920 2199 mehercules
960 2166 1028 2199 est.
1085 2173 1189 2207 voca,
1229 2172 1322 2198 voca
1361 2172 1496 2198 cocum
1525 2158 1562 2196 in

153 2217 305 2256 medio'.
361 2230 450 2256 cum
479 2219 710 2258 constitisset
737 2220 785 2258 ad
813 2233 990 2259 mensam
1019 2233 1133 2259 cocus
1162 2218 1280 2258 tristis
1309 2223 1345 2257 et
1364 2218 1504 2257 diceret
1524 2230 1564 2256 se
1613 2223 1634 2255 5

154 2275 314 2315 oblitum
343 2289 428 2315 esse
457 2277 682 2326 exinterare,
711 2277 842 2328 ‘quidP
873 2278 1048 2318 oblitus?
1105 2277 1338 2317 Trimalchio
1377 2278 1564 2316 exclamat

259 2418 283 2452 4
314 2418 510 2454 vinitorum
546 2421 583 2454 Ο.
611 2420 840 2463 Hirschfeld,-
875 2422 966 2455 wiell.
998 2420 1239 2455 boiatorum*.
1267 2440 1309 2444 ψ-
1349 2422 1383 2454 et
1420 2418 1563 2463 quidem

155 2481 281 2506 cocum
314 2473 475 2515 potentia
499 2474 548 2507 H.
606 2474 787 2508 Dahinter
820 2475 909 2517 fehlt
943 2475 1034 2508 viell.
1070 2474 1243 2508 domini*.
1284 2492 1322 2496 —
1367 2473 1407 2506 12
1444 2471 1562 2514 etiam]

155 2526 276 2558 autem
300 2525 348 2559 H.
375 2545 420 2551 —
450 2527 491 2561 13
517 2526 692 2561 divisione
717 2528 766 2561 H.
792 2547 838 2551 —
865 2527 909 2561 14
933 2527 978 2570 Il]
1005 2531 1076 2562 tres
1101 2527 1150 2561 H.
1177 2545 1216 2551 —
1242 2527 1289 2560 24
1313 2525 1461 2570 porcino
1487 2526 1564 2567 Bru,

154 2578 245 2612 viell.
272 2576 439 2613 circino*.
