1732 2844
157 257 174 288 7
202 248 287 287 chio
318 248 484 297 ‘quando
513 246 607 285 mihi
636 246 861 297 Pompeiani
889 246 990 285 horti
1021 246 1137 297 empti
1167 246 1294 286 suntP’
1339 247 1455 286 ‘anno
1475 247 1613 298 priore'

155 316 175 346 8
202 306 326 356 inquit
355 306 547 345 actuarius
579 308 628 346 ‘et
648 306 732 345 ideo
752 306 791 345 in
811 307 1000 345 rationem
1021 307 1195 345 nondum
1217 307 1429 346 venerunt'.
1477 320 1613 346 excan-

200 365 281 405 duit
310 366 542 405 Trimalchio
572 371 608 405 et
638 365 880 415 ‘quicunque'
909 365 1033 415 inquit
1062 365 1169 404 ‘mihi
1198 365 1304 404 fundi
1324 365 1440 415 empti
1459 365 1621 416 fuerint,

201 426 273 464 nisi
302 425 402 464 intra
428 431 579 464 sextum
600 438 775 464 mensem
797 426 929 472 sciero,
951 426 990 464 in
1010 425 1177 464 rationes
1197 437 1303 463 meas
1325 424 1454 463 inferri
1474 426 1610 464 vetuo'.

152 493 171 524 9
198 485 274 524 iarn
313 485 427 524 etiam
468 485 589 523 edicta
630 484 809 523 aedilium
849 484 1108 523 recitabantur
1137 489 1172 523 et
1202 484 1470 523 saltuariorum
1499 489 1610 523 testa·
1659 493 1683 526 5

129 551 171 583 10
197 550 339 592 menta,
373 544 511 594 quibus
541 544 774 583 Trimalchio
804 557 893 583 cum
923 543 1045 594 elogio
1076 544 1401 590 exheredabatur3
1430 542 1507 581 iarn
1544 557 1610 583 no-

196 604 302 643 mina
331 603 528 642 vilicorum
559 608 595 642 et
624 603 822 653 repudiata
850 617 873 642 a
901 602 1177 651 circ[um]itore
1211 603 1345 641 liberta
1383 603 1422 640 in
1459 602 1610 642 balnea-

197 663 289 702 toris
319 662 572 701 contubernio
602 663 843 712 deprehensa
871 668 908 701 et
937 663 1114 701 atriensis
1143 663 1254 701 Baias
1283 663 1489 712 relegatus3
1532 661 1608 700 iam

195 735 284 761 reus
314 723 435 761 faetus
466 722 708 772 dispensator
738 728 775 761 et
803 721 985 760 iudicium
1014 723 1112 760 inter
1141 721 1394 760 cubicularios
1414 726 1553 760 actum.

126 791 165 822 11
303 780 557 831 petauristarii
593 787 721 820 autem
758 783 911 820 tandem
952 787 1150 820 venerunt.
1208 782 1300 820 baro
1330 780 1607 820 insulsissimus
1635 787 1680 820 10

195 854 282 879 cum
306 840 418 879 scalis
449 840 617 879 constitit
646 854 885 891 puerumque
913 841 1022 880 iussit
1051 854 1117 891 per
1146 842 1285 891 gradus
1315 846 1351 879 et
1379 840 1418 879 in
1455 853 1607 879 summa

194 906 301 950 parte
330 900 458 939 odaria
487 900 636 947 saltare,
667 900 828 940 circulos
857 900 994 940 deinde
1019 901 1196 939 ardentes
1217 900 1411 939 transilire
1430 905 1466 938 et
1485 898 1606 938 denti-

122 968 163 999 12
191 960 262 998 bus
292 960 519 1009 amphoram
549 959 751 999 sustinere.
805 960 1016 999 mirabatur
1044 960 1139 999 haec
1169 960 1272 999 solus
1293 958 1524 998 Trimalchio
1552 958 1604 997 di-

191 1020 378 1068 cebatque
407 1019 599 1068 ingratum
630 1019 831 1058 artificium
861 1033 955 1059 esse.
1014 1025 1182 1059 ceterum
1212 1020 1287 1058 duo
1317 1032 1401 1058 esse
1429 1018 1469 1057 in
1488 1019 1604 1057 rebus

189 1078 384 1125 humanis,
427 1091 523 1128 quae
561 1078 813 1118 libentissime
851 1085 1051 1129 spectaret,
1092 1079 1378 1130 petauristarios
1416 1083 1452 1118 et
1481 1078 1602 1118 corni·
1630 1084 1675 1116 15

118 1146 160 1177 13
189 1141 313 1185 cz'22es3
344 1137 489 1187 reliqua
519 1137 732 1186 [animalia]
762 1144 982 1177 acroamata
1011 1138 1123 1177 tricas
1151 1151 1277 1177 meras
1298 1151 1392 1177 esse.
1441 1140 1546 1177 ‘nam
1566 1143 1603 1178 et

188 1197 406 1235 comoedos’
437 1197 561 1246 inquit
591 1199 786 1245 ‘emeram,
817 1204 873 1237 set
901 1198 1020 1237 malui
1050 1198 1132 1237 illos
1152 1198 1390 1237 Atellaniam
1410 1198 1545 1246 facere,
1566 1203 1602 1237 et

188 1257 396 1295 choraulen
425 1269 555 1295 meum
586 1256 679 1296 iussi
709 1257 844 1296 Latine
873 1258 1052 1296 cantare’.

113 1317 159 1353 54
292 1329 379 1354 cum
410 1315 577 1355 maxime
604 1317 702 1355 haec
732 1316 881 1356 dicente
911 1317 1003 1356 Gaio
1034 1330 1126 1367 puer

185 1374 480 1414 Trimalchionis
513 1376 692 1426 delapsus
713 1382 780 1414 est.
826 1376 1076 1415 conclamavit
1096 1375 1247 1422 familia,
1270 1388 1341 1414 nec
1360 1374 1490 1413 minus
1510 1387 1598 1413 con·
1624 1382 1671 1415 20

184 1434 301 1481 vivae,
332 1447 410 1472 non
434 1439 586 1485 propter
606 1435 805 1474 hominem
825 1441 904 1474 tam
924 1435 1112 1485 putidum,
1135 1435 1241 1474 cuius
1263 1440 1298 1473 et
1318 1433 1483 1474 cervices
1502 1434 1598 1473 frac-

183 1498 240 1531 tas
269 1494 431 1532 libenter
461 1493 656 1541 vidissent,
687 1496 753 1533 sed
782 1500 936 1545 propter
964 1495 1108 1534 malum
1139 1495 1282 1533 exitum
1312 1506 1442 1541 cenae,
1461 1506 1511 1532 ne
1530 1506 1598 1532 ne-

136 1562 155 1591 2
183 1565 289 1591 cesse
318 1553 506 1592 haberent
536 1553 706 1592 alienum
735 1560 931 1593 mortuum
952 1555 1111 1604 plorare.
1154 1554 1235 1605 ipse
1255 1553 1487 1593 Trimalchio
1507 1565 1595 1591 cum

182 1612 345 1661 graviter
365 1611 616 1662 ingemuisset
644 1626 834 1663 superque
864 1614 1087 1652 bracchium
1114 1619 1298 1663 tanquam
1324 1614 1469 1652 laesum
1491 1613 1594 1652 incu-

181 1670 339 1718 buisset,
371 1684 599 1710 concurrere
628 1672 777 1720 medici,
807 1678 843 1711 et
872 1674 969 1711 inter
998 1673 1142 1723 primos
1177 1674 1388 1711 Fortunata
1425 1671 1594 1711 crinibus
1620 1680 1667 1713 25

181 1729 302 1780 passis
333 1743 419 1769 cum
450 1732 606 1781 scypho,
636 1731 894 1782 miseramque
923 1745 963 1771 se
992 1738 1105 1783 atque
1124 1732 1313 1771 infelicem
1333 1731 1592 1782 proclamavit.

132 1799 151 1828 3
179 1803 270 1828 nam
308 1803 403 1840 puer
445 1790 610 1840 quidem,
649 1791 712 1840 qui
743 1792 939 1839 ceciderat,
969 1792 1170 1831 cirumibat
1198 1791 1274 1831 iam
1303 1792 1448 1830 dudum
1478 1791 1593 1842 pedes

179 1854 333 1888 nostros
363 1855 398 1888 et
426 1849 652 1889 missionem
682 1851 851 1901 rogabat.
910 1852 1074 1902 pessime
1099 1851 1193 1890 mihi
1214 1856 1304 1899 erat,
1326 1864 1376 1890 ne
1393 1851 1455 1889 his
1475 1849 1591 1901 preci-

178 1908 250 1946 bus
281 1922 348 1958 per
377 1908 579 1948 ridiculum
601 1910 741 1959 aliquid
762 1912 1005 1961 catastropha
1026 1916 1283 1961 quaereretur.
1314 1923 1385 1949 nec
1403 1910 1506 1949 enim
1526 1910 1592 1948 ad-

178 1968 253 2006 huc
283 1967 473 2007 exciderat
502 1982 616 2008 cocus
645 1969 718 2017 ille,
750 1970 814 2020 qui
844 1970 983 2009 oblitus
1012 1971 1134 2010 fuerat
1175 1984 1334 2021 porcum
1362 1969 1587 2008 exinterare.
1615 1979 1662 2012 30

129 2034 150 2065 4
176 2025 303 2076 itaque
340 2033 463 2066 totum
500 2028 790 2079 circumspicere
830 2029 1037 2069 triclinium
1075 2031 1194 2081 coepi,
1232 2043 1282 2069 ne
1310 2043 1377 2080 per
1405 2028 1589 2080 parietem

177 2091 415 2125 automatum
445 2087 598 2137 aliquod
618 2088 749 2136 exiret,
770 2088 900 2139 utique
919 2095 1122 2140 postquam
1143 2103 1275 2129 servus
1295 2088 1487 2128 verberari
1506 2100 1587 2127 coe-

175 2143 241 2194 pit,
271 2145 334 2194 qui
363 2146 584 2185 bracchium
614 2148 758 2186 domini
788 2153 993 2187 contusum
1022 2149 1108 2188 alba
1135 2149 1260 2199 potius
1290 2162 1405 2198 quam
1425 2148 1586 2198 conchy—

127 2212 148 2242 5
175 2203 264 2243 liata
290 2205 498 2245 involverat
517 2207 617 2246 lana.
665 2220 735 2246 nec
754 2208 866 2258 longe
886 2209 1075 2248 aberravit
1095 2209 1260 2260 suspicio
1279 2222 1385 2256 mea;
1404 2208 1444 2247 in
1464 2208 1585 2247 vicem

176 2263 279 2301 enim
309 2277 456 2314 poenae
487 2265 588 2305 venit
617 2267 814 2305 decretum
842 2267 1150 2315 Trimalchionis,
1181 2281 1256 2318 quo
1285 2281 1447 2318 puerum
1474 2267 1585 2306 iussit
1609 2276 1659 2310 35

175 2321 337 2361 liberum
366 2337 462 2372 esse,
492 2338 541 2364 ne
570 2324 654 2375 quis
684 2332 812 2376 posset
841 2326 964 2366 dicere
992 2333 1142 2366 tantum
1171 2327 1295 2366 virum
1324 2341 1407 2366 esse
1432 2341 1454 2366 a
1474 2340 1584 2366 servo

174 2382 428 2422 vulneratum.
1361 2383 1368 2387 ’

99 2443 147 2478 55
280 2444 576 2492 comprobamus
617 2457 689 2483 nos
727 2445 868 2484 factum
910 2451 945 2484 et
984 2459 1099 2495 quam
1133 2445 1172 2484 in
1202 2445 1394 2497 praecipiti
1423 2459 1484 2486 res
1512 2445 1581 2484 hu-

280 2573 322 2606 16
349 2574 599 2609 cromataricas
624 2576 672 2609 H.
701 2594 745 2599 —
772 2576 816 2609 29
843 2576 999 2620 periculo
1025 2577 1081 2619 H‚·
1105 2577 1195 2612 viell.
1222 2576 1369 2612 fericulo
1395 2576 1500 2612 alicui
1526 2587 1581 2611 ca·

170 2626 390 2670 tastropha*.
417 2648 461 2653 —
488 2629 532 2662 35
559 2639 644 2662 cene
670 2630 717 2662 Η.
745 2649 788 2653 ——
815 2630 858 2663 37
884 2628 1075 2664 liberatum
1101 2631 1148 2663 H.
