1737 2823
72 779 115 812 10

75 1078 118 1111 15

73 1374 119 1407 20

75 1671 120 1703 25

77 1965 123 1998 30

80 2262 124 2295 35

713 125 969 162 —11.-

138 239 245 278 nium
275 238 443 288 elegavit.
499 237 611 287 longe
641 235 744 286 fugit,
775 235 946 285 quisquis
976 248 1066 273 suos
1096 235 1199 285 sugit.
1243 236 1375 274 habuit
1418 242 1543 275 :uitem
1595 248 1614 276 6

139 297 360 337 oricularios
388 309 531 343 servos,
562 295 625 345 qui
654 295 759 333 illum
781 308 935 345 pessum
956 295 1154 333 dederunt.
1197 307 1396 344 nunquam
1420 302 1544 333 auu-m

139 362 239 396 recte
269 357 389 402 saciet,
421 355 484 405 qui
513 355 585 393 cito
614 354 743 395 credit.
774 354 903 403 utique
931 354 1049 392 homo
1070 353 1282 404 negotians,
1339 359 1466 392 tamen
1490 368 1545 393 vc-

141 429 225 455 rum
253 417 355 466 quod
384 413 548 454 frunitus
577 418 645 461 est,
668 426 783 463 quam
805 413 868 451 diu
889 413 979 451 vixit
1247 413 1305 451 cui
1327 414 1456 451 datum
1478 419 1546 453 est.
1599 423 1615 453 3·

140 489 219 515 non
249 476 308 515 cui
338 475 582 514 destinatum.
631 473 743 523 plane
764 473 956 511 Fortunae
977 472 1088 518 filius,
1109 471 1147 510 in
1169 485 1285 510 manu
1309 472 1407 510 illius
1429 473 1547 522 plum-

140 535 233 574 bum
262 547 398 574 aurum
429 533 553 572 fiebat.
610 532 716 571 facile
745 537 801 571 est
830 537 971 578 autem,
1001 531 1065 569 ubi
1095 531 1225 570 omnia
1255 532 1438 580 quadrata
1468 544 1547 569 cur-

141 599 242 633 runt.
298 599 335 632 et
364 598 455 642 quot
484 597 595 643 putas
624 591 729 630 illum
759 604 883 630 annos
912 604 1042 629 secum
1064 590 1220 629 tulisse?
1249 591 1487 640 septuaginta
1514 596 1548 628 et

141 667 269 704 supra.
313 654 380 692 sed
409 652 611 691 corneolus
640 650 720 697 fuit,
750 656 911 690 aetatem
942 651 1040 690 bene
1060 651 1217 696 serebat,
1240 650 1345 700 niger
1366 656 1548 699 tanquam

141 725 290 753 corvus,
347 725 530 750 noveram
559 710 757 749 hominem
787 709 877 748 olim
906 709 1082 757 oliorum,
1112 715 1148 749 et
1177 711 1303 748 adhuc
1333 710 1437 748 salax
1458 715 1548 748 erat.
1600 715 1619 746 8

142 785 219 811 non
249 772 487 811 mehercules
516 771 622 809 illum
651 775 742 820 puto
771 769 809 808 in
839 770 952 808 domo
991 782 1125 808 canem
1167 769 1375 819 reliquisse.
1432 768 1550 807 immo

141 831 254 871 etiam
289 830 532 882 pu[e]l]arius
570 835 661 876 erat,
698 829 825 868 omnis
853 829 1047 868 minervae
1075 830 1205 867 homo.
1263 841 1334 867 nec
1362 828 1550 878 improbo,

140 891 215 930 hoc
244 890 369 929 solum
398 890 502 929 enim
530 902 661 928 secum
691 888 800 927 tulit'.

247 950 343 989 haec
370 949 544 988 Phileros
572 948 676 994 dixit,
706 948 768 986 illa
797 947 1055 997 Ganymedes:
1087 946 1264 985 ‘narratis
1290 947 1391 995 quod
1414 959 1483 984 nec
1503 946 1550 984 ad
1576 948 1623 984 44

143 1010 290 1049 caelum
320 1021 391 1047 nec
419 1009 466 1047 ad
495 1013 636 1046 terram
666 1007 839 1057 pertinet,
870 1019 958 1045 cum
987 1005 1141 1044 interim
1170 1018 1285 1044 nemo
1314 1009 1431 1052 curat,
1463 1004 1552 1054 quid

144 1081 301 1108 annona
328 1068 490 1106 mordet.
546 1080 624 1105 non
654 1066 892 1104 mehercules
920 1064 1034 1104 hodie
1063 1066 1223 1103 buccam
1252 1064 1362 1114 panis
1383 1063 1552 1102 invenire
1602 1074 1621 1103 2

145 1127 262 1179 potui.
305 1133 341 1166 et
371 1127 563 1176 quomodo
593 1125 741 1164 siccitas
762 1129 988 1175 perseverat.
1030 1124 1106 1163 iam
1126 1136 1273 1163 annum
1294 1122 1452 1162 esuritio
1471 1123 1550 1162 fuit.

144 1187 283 1226 aediles
311 1186 412 1225 male
441 1185 601 1232 eveniat,
632 1185 695 1235 qui
724 1197 812 1223 cum
841 1184 1047 1234 pistoribus
1077 1184 1273 1222 colludunt
1315 1185 1449 1221 “serva
1477 1195 1552 1230 me,
1601 1192 1620 1223 3

144 1246 305 1286 servabo
334 1246 408 1284 te''.
438 1246 566 1295 itaque
594 1244 756 1295 populus
785 1244 957 1283 minutus
985 1244 1150 1290 laborat;
1180 1256 1271 1281 nam
1302 1242 1361 1281 isti
1389 1241 1552 1280 maiores

145 1305 321 1345 maxillae
350 1317 502 1355 semper
530 1304 748 1343 Saturnalia
775 1308 905 1354 agunt.
962 1316 984 1341 o
1004 1303 1036 1341 si
1055 1302 1286 1341 haberemus
1307 1302 1389 1340 illos
1409 1302 1552 1349 leones,
1602 1311 1622 1342 4

145 1377 242 1415 quos
271 1377 339 1415 ego
367 1363 431 1402 hic
459 1363 599 1411 inveni,
629 1376 717 1402 cum
742 1363 911 1414 primum
939 1376 986 1401 ex
1015 1362 1109 1401 Asia
1138 1361 1235 1400 veni.
1293 1361 1382 1399 illud
1404 1366 1483 1399 erat
1503 1360 1552 1399 vi·
1602 1369 1622 1400 5

145 1437 244 1463 vere.
273 1423 445 1472 †similia
473 1423 591 1462 sicilia
618 1422 818 1461 interiores
847 1428 882 1461 et
909 1422 1038 1461 laruas
1058 1421 1112 1460 sic
1131 1421 1225 1459 istos
1245 1420 1552 1470 percololmbant,

145 1488 188 1522 ut
215 1483 288 1522 illis
316 1483 483 1533 Iuppiter
511 1483 630 1521 iratus
659 1487 770 1521 esset.
802 1482 903 1530 [sed]
924 1481 1083 1520 memini
1103 1481 1308 1519 Safinium:
1340 1485 1430 1518 tunc
1448 1479 1553 1517 habi·
1604 1488 1622 1518 6

144 1543 250 1582 tabat
277 1543 324 1581 ad
355 1555 486 1581 arcum
515 1547 693 1589 veterem,
723 1554 785 1580 me
814 1554 944 1592 puero,
974 1541 1092 1591 piper,
1124 1554 1203 1579 non
1230 1540 1360 1578 homo.
1403 1539 1434 1577 is
1462 1551 1552 1588 qua·
1604 1547 1622 1577 7

146 1615 298 1652 cunque
337 1602 428 1648 ibat,
467 1607 609 1640 terram
638 1601 835 1640 adurebat.
879 1601 945 1639 sed
974 1605 1112 1647 rectus,
1144 1600 1210 1638 sed
1240 1604 1378 1645 certus,
1407 1598 1554 1636 amicus

146 1661 281 1708 amico,
311 1674 398 1700 cum
428 1674 503 1710 quo
532 1661 712 1700 audacter
740 1672 874 1710 posses
903 1660 940 1697 in
971 1658 1140 1697 tenebris
1174 1658 1326 1696 micare.
1383 1657 1420 1694 in
1451 1656 1556 1695 curia
1605 1664 1624 1696 8

145 1726 275 1760 autem
302 1722 495 1771 quomodo
523 1720 694 1771 singulos
727 1720 820 1768 [vel]
853 1719 993 1770 pilabat
1026 1718 1258 1766 [tractabat]
1288 1730 1358 1755 nec
1378 1716 1555 1754 schemas

143 1780 372 1830 loquebatur
400 1781 468 1819 sed
493 1781 699 1819 derectum.
755 1792 843 1818 cum
872 1783 1000 1829 ageret
1027 1790 1141 1828 porro
1171 1777 1210 1815 in
1238 1777 1332 1823 foro,
1376 1776 1430 1814 sic
1457 1775 1554 1812 illius
1605 1783 1624 1813 9

146 1852 220 1879 vox
248 1840 442 1879 crescebat
467 1845 651 1890 tanquam
680 1839 783 1878 tuba.
844 1851 915 1876 nec
943 1837 1094 1876 sudavit
1122 1849 1295 1886 unquam
1325 1848 1395 1874 nec
1415 1834 1556 1884 expuit,

147 1905 239 1950 puto
276 1913 365 1939 eum
406 1900 535 1939 nescio
573 1899 662 1949 quid
699 1898 850 1937 Asiadis
886 1897 1081 1936 habuisse.
1138 1901 1174 1935 et
1216 1908 1332 1945 quam
1367 1893 1557 1944 benignus
1585 1901 1627 1932 10

148 1959 367 2005 resalutare,
406 1960 565 1998 nomina
601 1958 776 1997 omnium
814 1958 984 2004 reddere,
1014 1961 1198 2005 tanquam
1228 1967 1329 1993 unus
1358 1954 1404 1992 de
1433 1952 1556 1992 nobis.

149 2018 275 2068 itaque
303 2018 364 2057 illo
394 2023 565 2068 tempore
593 2030 750 2056 annona
779 2030 847 2067 pro
875 2017 955 2055 luto
993 2021 1085 2054 erat.
1142 2027 1227 2054 asse
1265 2026 1407 2064 panem
1442 2025 1557 2061 quem
1586 2019 1625 2050 11

149 2077 321 2124 emisses,
352 2090 429 2116 non
459 2078 648 2127 potuisses
677 2089 765 2115 cum
794 2075 912 2114 altero
941 2076 1134 2114 devorare.
1190 2086 1294 2111 nunc
1315 2072 1467 2111 oculum
1487 2071 1556 2109 bu·
1586 2078 1627 2109 12

149 2137 359 2175 blum·vidi
396 2137 593 2176 maiorem.
649 2137 726 2175 heu
763 2136 852 2182 heu,
891 2134 1057 2184 quotidie
1099 2132 1216 2184 peius.
1274 2132 1371 2171 haec
1410 2130 1559 2169 colonia

149 2201 385 2235 retroversus
414 2196 547 2234 crescit
574 2201 759 2245 tanquam
788 2195 884 2233 coda
912 2193 1027 2232 vituli.
1085 2194 1150 2231 sed
1180 2204 1297 2241 quare
1336 2203 1408 2229 nos
1444 2189 1558 2227 habe·
1586 2196 1627 2228 13

149 2268 237 2294 mus
273 2255 433 2294 aedilem
470 2255 585 2294 trium
625 2254 862 2301 cauniarum,
905 2253 969 2303 qui
1007 2252 1080 2291 sibi
1107 2251 1252 2290 mavult
1286 2262 1412 2289 assem
1442 2261 1559 2298 quam

151 2314 266 2353 vitam
305 2318 501 2353 nostram?
539 2315 665 2364 itaque
703 2313 806 2352 domi
843 2313 992 2363 gaudet,
1035 2312 1120 2362 plus
1154 2311 1191 2349 in
1222 2310 1281 2348 (lie
1310 2320 1558 2348 nummorum

151 2373 296 2423 accipit,
339 2386 455 2423 quam
493 2374 586 2412 alter
614 2372 889 2424 patrimonium
916 2372 1045 2410 habet.
1103 2371 1178 2409 iam
1208 2369 1299 2416 scio,
1328 2369 1429 2407 unde
1458 2379 1558 2406 acce-

152 2432 248 2483 perit
275 2433 453 2472 denarios
480 2433 583 2471 mille
611 2445 759 2472 aureos.
816 2431 882 2470 sed
911 2431 942 2469 si
972 2443 1042 2469 nos
1063 2430 1188 2469 coleos
1208 2428 1451 2473 haberemus,
1481 2438 1559 2464 non
1588 2432 1629 2463 14

259 2562 280 2595 2
306 2561 522 2596 oracularios
547 2562 651 2596 HBr.
678 2582 722 2586 —
754 2561 797 2594 21
825 2560 854 2594 si
879 2559 996 2594 simila
1025 2558 1136 2593 silicia
1165 2557 1313 2591 interior
1337 2558 1429 2589 esset
1454 2565 1558 2587 wrm.

151 2615 218 2650 Br.
246 2635 290 2640 —
317 2615 358 2649 27
385 2614 555 2649 dilectum
581 2615 630 2650 H.
657 2635 700 2640 —
728 2615 772 2648 29
799 2613 894 2656 eum]
921 2612 1017 2647 enim
1043 2613 1092 2646 H.
1119 2630 1161 2635 —
1189 2611 1234 2645 34
1260 2620 1332 2644 non
1358 2609 1406 2642 H.
