1737 2823
753 112 1010 150 -23—

175 228 368 263 sternatus
403 234 473 272 ego
511 222 708 261 exsurrexi
738 228 774 261 et
804 223 923 269 timui,
955 236 1002 262 ne
1032 237 1097 273 per
1128 229 1267 263 tectum
1297 227 1582 274 petauristarius

174 282 309 332 aliquis
339 282 596 320 descenderet.
646 294 715 320 nec
750 281 878 320 minus
912 281 1044 332 reliqui
1078 282 1258 322 convivae
1292 283 1472 323 mirantes
1505 299 1581 325 ere-

174 353 264 380 xere
302 341 439 387 vultus,
470 346 714 390 expectantes
743 340 834 390 quid
863 341 951 379 novi
980 342 1026 380 de
1055 342 1157 380 caelo
1188 342 1438 381 nuntiaretur.
1495 357 1581 383 eci-e
1631 355 1650 384 3

173 405 302 440 autem
331 399 492 439 diductis
525 400 771 438 lacunaribus
801 400 927 439 subito
948 400 1110 439 circulus
1131 400 1280 451 ingens,
1302 402 1348 439 de
1368 415 1462 451 cupa
1485 404 1579 442 vide-

123 468 146 501 5
172 460 256 500 licet
284 460 419 511 grandi
454 472 652 505 excussuS,
681 459 903 505 demittitur,
934 459 1041 498 cuius
1070 472 1137 510 per
1166 465 1285 498 totum
1316 461 1447 499 orbem
1478 475 1580 500 coro-

172 534 244 560 nae
272 532 410 560 aureae
440 535 526 561 cum
556 519 754 559 alabastris
785 519 969 569 unguenti
990 520 1221 569 pendebant.
1263 521 1355 558 dum
1381 514 1474 559 liaec
1494 534 1579 570 apo-
1630 530 1650 561 4

171 580 330 630 phoreta
358 581 535 621 iubemur
563 591 729 624 sumere,
760 577 965 628 respiciens
995 579 1043 617 ad
1071 592 1245 617 mensam

170 639 245 678 iam
274 639 346 678 illic
366 639 632 692 repositorium
662 650 748 676 cum
779 637 962 688 placentis
991 637 1133 687 aliquot
1162 644 1242 677 erat
1272 638 1449 688 positum,
1479 641 1578 688 quod

168 698 335 738 medium
367 699 528 751 Priapus
558 713 580 738 a
609 697 751 748 pistore
771 697 893 736 factus
913 697 1080 744 tenebat,
1101 698 1322 747 gremioque
1342 698 1433 737 satis
1453 699 1579 748 amplo

99 762 144 796 10
169 757 296 797 omnis
325 760 476 810 generis
505 771 620 809 poma
649 763 685 796 et
714 769 806 795 uvas
836 757 1051 795 sustinebat
1079 769 1186 795 more
1215 758 1377 808 vulgato.
1434 758 1578 796 avidius
1628 768 1648 798 5

167 818 214 856 ad
252 830 434 869 pompam
469 831 609 858 manus
647 816 900 867 porreximus,
940 822 976 855 et
1005 821 1161 867 repente
1191 830 1289 855 nova
1317 817 1494 856 ludorum
1524 830 1577 856 re-

164 877 298 916 missio
335 878 565 918 hilaritatem
602 875 785 927 tepefecit.
844 889 978 915 omnes
1015 876 1118 915 enim
1147 876 1344 926 placentae
1372 876 1578 927 omniaque
1628 886 1646 917 6

165 949 280 986 poma
322 937 436 977 etiam
477 937 638 976 minima
679 936 878 975 vexatione
919 940 1093 974 contacta
1135 941 1342 986 coeperunt
1384 936 1576 975 effundere

164 1007 332 1044 crocum,
362 1002 399 1036 et
427 1010 549 1047 usque
577 997 625 1036 ad
655 995 768 1044 [n]os
796 995 981 1034 molestus
1009 1008 1121 1034 umor
1149 995 1331 1034 accidere.
1389 995 1459 1034 rati
1487 1008 1576 1046 ergo
1632 1014 1640 1035 ι

92 1061 137 1094 15
164 1067 317 1094 sacrum
355 1069 440 1096 esse
476 1056 676 1095 fericulum
715 1060 792 1093 tam
833 1053 1009 1104 religioso
1037 1060 1221 1104 apparatu
1251 1055 1459 1104 perfusum,
1489 1068 1575 1093 con-

162 1116 399 1154 surreximus
437 1116 550 1155 altius
588 1120 624 1154 et
661 1114 859 1165 ‘Augusto,
890 1114 986 1164 patri
1015 1113 1171 1164 patriae,
1202 1114 1367 1153 feliciter'
1397 1114 1573 1153 diximus.

162 1173 393 1223 quibusdam
422 1180 552 1214 tamen
582 1174 696 1213 etiam
726 1179 811 1224 post
839 1174 940 1212 hanc
969 1173 1256 1212 venerationem
1286 1187 1399 1224 poma
1427 1173 1574 1224 rapien-

163 1233 264 1272 tibus
293 1239 330 1272 et
358 1234 429 1284 ipsi
458 1247 618 1284 mappas
648 1233 901 1284 implevimus,
931 1246 1000 1283 ego
1029 1233 1245 1284 praecipue,
1275 1232 1338 1282 qui
1359 1233 1462 1272 nullo
1483 1233 1574 1272 satis

163 1292 290 1343 amplo
318 1307 481 1333 munere
510 1293 694 1344 putabam
723 1306 785 1332 me
814 1305 974 1331 onerare
1003 1293 1152 1332 Gitonis
1182 1293 1322 1332 sinum.

88 1357 138 1390 20
270 1352 368 1391 inter
401 1353 497 1392 haec
533 1358 610 1392 tres
649 1352 755 1403 pueri
793 1352 973 1391 candidas
1015 1352 1198 1392 succincti
1235 1353 1384 1391 tunicas
1413 1352 1571 1391 intrave-
1622 1362 1642 1393 8

163 1416 266 1458 runt,
307 1425 472 1462 quorum
513 1413 590 1451 duo
630 1412 748 1451 Lares
789 1411 953 1450 bullatos
994 1425 1109 1462 super
1143 1425 1318 1450 mensam
1348 1417 1571 1462 posuerunt,

162 1483 263 1510 unus
291 1477 463 1522 pateram
494 1472 570 1511 vini
598 1471 869 1510 circumferens
899 1471 962 1510 ‘dii
991 1472 1154 1522 propitii'
1185 1471 1383 1511 clamabat.

160 1529 284 1570 aiebat
313 1536 441 1570 autem
469 1545 593 1570 unum
622 1531 850 1578 Cerdonem,
879 1531 1042 1570 alterum
1062 1531 1304 1578 Felicionem,
1326 1531 1479 1569 tertium
1498 1531 1570 1569 Lu-

159 1591 332 1629 crionem
361 1590 500 1629 vocari.
556 1603 628 1629 nos
657 1589 771 1629 etiam
801 1602 929 1629 veram
954 1589 1162 1640 imaginem
1182 1590 1301 1641 ipsius
1321 1589 1568 1629 Trimalchio·
1620 1599 1639 1630 9

85 1656 133 1688 25
159 1648 232 1695 nis,
261 1662 350 1688 cum
378 1648 455 1688 iam
485 1662 621 1689 omnes
650 1649 855 1695 basiarent,
886 1650 1110 1689 erubuimus
1140 1650 1355 1700 praeterire.

265 1713 469 1758 postquam
498 1721 588 1759 ergo
617 1721 753 1747 omnes
783 1709 925 1748 bonam
954 1715 1125 1749 mentem
1153 1711 1371 1761 bonamque
1391 1709 1567 1749 valetudi·
1592 1712 1637 1747 61

157 1779 248 1806 nem
267 1767 338 1806 sibi
359 1773 553 1818 optarunt,
583 1768 816 1807 Trimalchio
846 1769 894 1808 ad
913 1769 1129 1808 Nicerotem
1149 1771 1314 1821 respexit
1335 1775 1370 1809 et
1391 1770 1566 1809 ‘solebas'
1618 1777 1637 1807 2

155 1825 279 1876 inquit
316 1827 485 1866 ‘suavius
527 1840 611 1866 esse
648 1827 688 1865 in
729 1828 926 1875 convictu3
957 1830 1085 1869 nescio
1115 1830 1205 1880 quid
1234 1843 1338 1868 nunc
1366 1835 1467 1869 taces
1497 1842 1567 1869 nec

156 1888 299 1925 muttis.
355 1899 423 1925 oro
461 1893 510 1934 te,
546 1887 599 1926 sic
637 1887 783 1926 felicem
820 1901 883 1927 me
921 1889 1062 1936 videas,
1100 1903 1215 1928 narra
1248 1889 1340 1928 illud
1370 1890 1470 1940 quod
1500 1890 1565 1929 tibi

81 1951 130 1984 30
155 1957 228 1983 usu
257 1945 383 1984 venit'.
439 1945 596 1985 Niceros
624 1947 832 1986 delectatus
861 1948 1078 1988 affabilitate
1107 1948 1217 1987 amici
1238 1951 1366 1988 ‘omne
1398 1950 1472 1988 me'
1510 1950 1565 1989 in·
1614 1958 1634 1988 3

155 2004 236 2053 quit
263 2004 427 2044 ‘lucrum
446 2010 629 2053 transeat,
658 2006 732 2045 nisi
760 2007 836 2045 iam
857 2008 1001 2046 dudum
1021 2009 1267 2058 gaudimonio
1288 2009 1443 2056 dissilio,
1464 2011 1565 2060 quod

153 2067 190 2102 te
218 2064 334 2102 talem
362 2065 482 2105 video.
539 2065 666 2116 itaque
694 2066 830 2105 hilaria
857 2080 963 2106 mera
992 2067 1080 2115 sint,
1110 2067 1179 2107 etsi
1209 2068 1324 2107 timeo
1344 2069 1436 2108 istos
1457 2070 1564 2108 scho-
1614 2074 1634 2105 4

151 2122 317 2170 lastic'os,
356 2137 406 2164 ne
446 2138 508 2164 me
548 2125 798 2174 [de]rideant.
856 2126 1034 2174 viderint3
1080 2128 1246 2167 narrabo
1283 2133 1430 2175 tamem
1473 2130 1563 2178 quid

152 2181 256 2221 enim
307 2183 401 2222 mihi
453 2185 587 2229 aufert,
630 2184 693 2235 qui
733 2185 854 2224 ridet?
896 2185 1015 2225 satius
1057 2192 1114 2226 est
1156 2187 1269 2226 rideri
1311 2200 1426 2237 quam
1467 2188 1561 2227 deri·
1611 2194 1632 2223 Γ)

79 2246 126 2279 35
152 2241 257 2280 deri'.
315 2242 424 2282 ‘haec
452 2243 518 2282 ubi
547 2244 645 2283 dicta
674 2244 801 2292 dedit',
831 2245 946 2284 talem
974 2246 1142 2285 fabulam
1171 2259 1331 2286 exorsus
1360 2252 1436 2286 est:

258 2303 360 2341 ‘cum
389 2303 515 2342 adhuc
553 2303 747 2352 servirem,
776 2304 1048 2344 habitabamus
1077 2306 1116 2344 in
1149 2306 1230 2345 vieo
1250 2312 1434 2357 angusto;
1456 2320 1559 2345 nunc
1609 2313 1628 2343 6

150 2359 316 2400 Gavillae
344 2363 482 2401 domus
511 2368 580 2402 est.
639 2363 702 2411 ibi,
733 2365 926 2414 quomodo
955 2365 1005 2403 dii
1026 2366 1169 2412 volunt,
1190 2379 1320 2405 amare
1340 2366 1447 2417 coepi
1468 2379 1558 2405 uxo-

149 2431 231 2457 rem
259 2419 428 2460 Terentii
457 2422 637 2472 coponis:
669 2423 860 2462 noveratis
879 2423 1073 2463 Melissam
1102 2425 1365 2474 Tarentinam,
1387 2427 1560 2477 pulcher-

252 2546 276 2579 4
301 2546 473 2583 deductus
491 2550 540 2584 H.
557 2568 603 2574 -—
632 2551 670 2584 11
682 2552 732 2594 sy.
755 2551 878 2587 missio
896 2553 960 2589 Br.
978 2554 1119 2596 frz'c'lzer.
1139 2573 1181 2579 —
1212 2555 1253 2588 12
1272 2555 1471 2599 tepefecit*]
1499 2555 1556 2590 hic

146 2597 270 2633 refecit
287 2600 392 2635 HBr.
420 2621 463 2626 —
492 2602 535 2635 15
560 2603 755 2646 periculum
775 2606 822 2639 H.
849 2625 894 2630 —
923 2606 965 2640 18
991 2607 1084 2651 ipsas
1102 2608 1151 2642 H.
1178 2628 1222 2634 --
1248 2609 1292 2642 29
1319 2612 1434 2642 mutes
1461 2609 1507 2642 H.
