1732 2844
746 158 1005 195 -22-

168 267 278 307 nobis
308 267 442 307 crescit
471 273 508 307 et
536 269 662 307 minor
692 269 743 308 sit.
793 269 926 316 curris,
947 275 1091 320 stupes,
1112 270 1266 320 satagis,
1286 276 1469 321 tanquam
1490 285 1579 312 mus

98 335 141 367 10
167 327 206 366 in
235 327 397 366 matella.
455 341 544 378 ergo
573 333 638 367 aut
667 333 749 367 tace
778 334 843 367 aut
872 329 1068 368 meliorem
1098 329 1175 368 noli
1204 331 1419 378 molestare,
1449 332 1513 381 qui
1543 337 1580 371 te

167 391 301 425 natum
331 399 410 425 non
439 393 563 437 putat;
594 388 666 426 nisi
696 388 727 426 si
747 401 808 427 me
828 387 972 427 iudicas
993 390 1129 428 anulos
1151 389 1297 428 buxeos
1317 402 1463 435 curare,
1484 403 1580 440 quos

98 453 138 485 11
166 445 310 485 amicae
339 451 425 485 tuae
454 446 641 486 involasti.
698 448 945 497 Occuponem
975 448 1192 499 propitium.
1242 461 1375 487 eamus
1395 448 1435 487 in
1455 449 1581 488 forum

166 510 202 544 et
243 505 424 555 pecunias
462 511 704 545 mutuemur:
743 507 819 545 iam
859 508 954 546 scies
992 508 1066 546 hoc
1100 508 1243 547 ferrum
1282 508 1396 546 fidem
1424 508 1580 548 habere.
1631 515 1653 548 5

98 572 140 604 12
167 563 254 612 vah,
282 565 379 604 bella
408 578 468 604 res
498 570 554 604 est
583 566 702 615 volpis
724 566 810 604 uda.
860 566 911 605 ita
930 567 1078 605 lucrum
1099 567 1234 606 faciam
1255 572 1291 606 et
1311 567 1362 606 ita
1382 568 1481 606 bene
1500 581 1580 607 mo-

167 623 242 662 riar
280 629 345 662 aut
383 625 545 674 populus
584 638 651 674 per
680 625 824 663 exitum
854 638 983 663 meum
1014 626 1121 673 iuret,
1153 626 1226 665 nisi
1255 631 1291 665 te
1320 626 1461 676 ubique
1490 631 1579 678 toga

98 691 139 722 13
167 695 345 733 perversa
373 684 478 722 fuero
508 689 742 733 persecutus.
800 684 900 723 bella
928 698 990 723 res
1019 690 1055 724 et
1083 685 1166 732 iste,
1196 685 1259 735 qui
1289 691 1324 725 te
1343 686 1439 725 haec
1459 687 1581 734 docet,

166 742 337 787 mufrius,
368 755 447 781 non
477 743 669 793 magister.
727 757 795 782 nos
815 745 929 781 aliter
958 744 1172 792 didicimus,
1203 744 1350 784 dicebat
1370 746 1473 784 enim
1500 759 1581 785 ma—

166 801 299 852 gister:
331 803 446 840 “sunt
475 808 600 841 vestra
629 803 757 841 salva?
797 807 899 842 recta
937 804 1114 851 domum3
1146 817 1248 851 cave,
1277 803 1581 856 circumspicias3
1610 810 1654 843 10

98 869 141 902 14
167 874 268 908 cave,
306 862 491 900 maiorem
530 862 744 901 maledicas.
814 868 853 901 at
908 876 1013 901 nunc
1062 876 1167 902 mera
1204 864 1415 914 mappalia:
1465 877 1582 904 nemo

166 921 349 970 dupondii
388 920 549 960 evadit⁷'.
607 934 689 971 ego,
728 922 830 970 quod
867 935 929 960 me
959 922 1011 960 sic
1041 921 1158 968 vides,
1194 928 1348 972 propter
1377 922 1582 962 artificium

166 993 296 1018 meum
325 979 396 1018 diis
425 980 564 1030 gratias
595 981 690 1030 ago'.

94 1041 140 1078 59
274 1045 449 1089 coeperat
476 1040 652 1090 Ascyltos
682 1041 914 1090 respondere
943 1040 1126 1087 convicio,
1162 1042 1228 1079 sed
1257 1041 1492 1081 Trimalchio
1520 1043 1583 1082 de-

165 1099 325 1137 lectatus
355 1099 538 1138 colliberti
568 1100 784 1150 eloquentia
813 1100 935 1150 ‘agite'
966 1099 1088 1150 inquit
1118 1101 1338 1140 ‘scordalias
1367 1102 1414 1141 de
1441 1101 1581 1142 medio.
1610 1109 1654 1142 15

167 1156 332 1197 suaviter
361 1158 408 1197 sit
436 1158 576 1208 potius,
605 1164 641 1198 et
670 1164 723 1206 tu,
753 1159 975 1206 Hermeros,
1006 1173 1118 1209 parce
1147 1160 1446 1199 adulescentulo.
1495 1174 1583 1200 san-

120 1226 139 1256 2
166 1230 264 1268 guen
294 1217 346 1256 illi
375 1218 504 1265 fervet,
533 1224 574 1257 tu
602 1219 736 1258 melior
765 1225 859 1259 esto.
917 1232 1068 1269 semper
1096 1218 1137 1257 in
1166 1220 1239 1258 hac
1258 1233 1299 1258 re
1320 1219 1384 1269 qui
1403 1219 1582 1267 vincitur,

166 1276 293 1316 vincit.
350 1282 387 1316 et
421 1283 461 1317 tu
501 1291 588 1316 cum
626 1291 732 1317 esses
762 1292 855 1329 capo
886 1291 1084 1325 cocococo,
1114 1291 1234 1328 aeque
1263 1291 1327 1317 cor
1358 1292 1437 1318 non
1465 1279 1583 1318 habe-

166 1339 242 1376 bas.
297 1336 418 1376 simus
448 1350 550 1387 ergo,
581 1339 681 1387 quod
709 1338 846 1376 melius
876 1344 944 1385 est,
975 1351 996 1376 a
1025 1337 1203 1388 primitiis
1222 1338 1363 1377 hilares
1383 1343 1420 1378 et
1439 1338 1584 1378 Home·

119 1404 139 1435 3
166 1396 278 1435 ristas
307 1398 549 1446 spectemus'.
607 1397 761 1436 intravit
789 1397 900 1436 factio
931 1398 1059 1436 statim
1078 1397 1276 1447 hastisque
1297 1403 1405 1437 scuta
1424 1411 1578 1437 concre-
1609 1406 1654 1438 20

167 1455 258 1506 puit.
314 1455 395 1506 ipse
424 1456 656 1495 Trimalchio
686 1457 724 1496 in
754 1456 912 1507 pulvino
942 1457 1126 1504 consedit,
1156 1462 1193 1496 et
1221 1470 1311 1496 cum
1339 1456 1584 1497 Homeristae

167 1515 320 1554 Graecis
349 1516 522 1554 versibus
552 1516 872 1566 colloquerentur,
901 1522 943 1555 ut
970 1516 1182 1555 insolenter
1202 1516 1338 1564 solent,
1359 1517 1421 1555 ille
1441 1530 1584 1556 canora

166 1587 256 1613 voce
293 1575 427 1614 Latine
465 1576 613 1626 legebat
649 1576 803 1615 librum.
860 1589 952 1615 mox
990 1575 1140 1615 silentio
1170 1576 1268 1615 facto
1297 1575 1427 1615 ‘scitis'
1458 1575 1583 1626 inquit
1640 1581 1643 1583 ’

118 1641 139 1673 4
166 1635 295 1683 ‘quam
337 1635 506 1674 fabulam
547 1640 688 1686 agant?
738 1636 942 1675 Diomedes
981 1641 1017 1674 et
1055 1636 1297 1685 Ganymedes
1339 1636 1414 1674 duo
1444 1635 1581 1674 fratres

165 1694 330 1733 fuerunt.
386 1695 527 1734 horum
556 1709 665 1734 soror
694 1701 775 1735 erat
804 1696 963 1734 Helena.
1021 1695 1290 1745 Agamemnon
1320 1695 1424 1734 illam
1453 1695 1579 1745 rapuit
1605 1703 1651 1736 25

165 1758 201 1791 et
238 1753 383 1792 Dianae
421 1767 573 1793 cervam
608 1755 779 1794 subiecit.
837 1755 889 1794 ita
917 1768 1020 1793 nunc
1048 1755 1240 1793 Homeros
1270 1753 1371 1802 dicit,
1401 1755 1584 1804 quemad-

118 1820 138 1850 5
164 1813 323 1851 modum
352 1813 451 1852 inter
480 1827 521 1853 se
551 1820 722 1865 pugnent
751 1814 908 1853 Troiani
937 1820 973 1853 et
1002 1814 1211 1853 parentini.
1268 1813 1355 1852 vicit
1384 1813 1525 1853 scilicet
1546 1818 1582 1852 et

165 1872 414 1923 Iphigeniam,
453 1873 570 1912 filiam
609 1887 733 1923 suam,
771 1874 909 1913 Achilli
945 1873 1047 1912 dedit
1075 1887 1248 1912 uxorem.
1307 1873 1356 1912 ob
1385 1886 1470 1912 eam
1499 1885 1583 1911 rem

119 1939 138 1970 6
165 1932 263 1971 Aiax
291 1932 434 1971 insanit
464 1939 500 1972 et
530 1934 659 1972 statim
688 1939 957 1984 argumentum
990 1933 1217 1984 explicabit'.
1274 1933 1370 1971 haec
1407 1937 1449 1971 ut
1489 1931 1583 1970 dixit

165 1991 411 2039 Trimalchio,
454 1993 663 2032 clamorem
705 1993 948 2032 Homeristae
976 1993 1227 2038 sustulerunt,
1262 1992 1438 2042 interque
1475 1990 1581 2030 fami·
1607 1998 1653 2032 30

165 2051 254 2089 liam
275 2051 554 2091 discurrentem
584 2052 723 2091 vitulus
757 2052 795 2091 in
824 2053 935 2091 lance
964 2051 1164 2091 ducenaria
1193 2052 1314 2090 elixus
1343 2051 1480 2090 allatus
1511 2055 1581 2097 est,

119 2115 137 2148 7
166 2117 201 2149 et
231 2111 384 2161 quidem
423 2112 604 2162 galeatus.
662 2118 816 2151 secutus
856 2118 914 2151 est
950 2112 1049 2150 Aiax
1084 2112 1291 2161 strictoque
1329 2110 1468 2161 gladio,
1497 2115 1582 2149 tan-

167 2183 281 2219 quam
323 2170 521 2218 insaniret,
552 2172 726 2219 concidit,
758 2185 801 2211 ac
828 2173 944 2210 modo
974 2184 1083 2210 versa
1111 2171 1227 2210 modo
1257 2170 1394 2221 supina
1422 2169 1581 2220 gesticu-

165 2229 264 2268 latus
292 2243 478 2269 mucrone
507 2231 628 2270 frusta
655 2232 804 2282 collegit
823 2231 1130 2280 mirantibusque
1149 2230 1309 2269 w'tulum
1330 2229 1490 2281 partitus
1511 2233 1580 2267 est.

94 2288 142 2324 60
273 2302 344 2328 nec
373 2290 437 2328 diu
464 2290 596 2330 mirari
624 2291 727 2329 licuit
756 2296 834 2330 tam
864 2292 1055 2341 elegantes
1085 2291 1281 2340 strophas;
1312 2303 1404 2328 nam
1424 2292 1582 2338 repente
1607 2294 1653 2327 35

120 2355 139 2386 2
166 2350 361 2388 lacunaria
390 2363 528 2389 sonare
557 2356 766 2400 coeperunt
794 2354 995 2400 totumque
1014 2349 1220 2389 triclinium
1241 2348 1450 2387 intremuit.
1492 2360 1581 2387 con-

272 2493 293 2526 9
325 2503 392 2527 nos
427 2492 529 2527 aliter
564 2493 655 2526 nach
682 2493 944 2526 Friedlczmlers
976 2492 1142 2535 Vorycmy
1177 2493 1254 2533 (nos
1279 2490 1359 2532 alia)
1396 2491 1581 2533 erycinth

166 2556 232 2579 nos
258 2546 323 2579 Br.
351 2566 396 2570 —
432 2546 470 2579 11
509 2548 570 2579 aut
605 2556 756 2580 numera
790 2545 970 2589 mappalia
996 2547 1059 2579 H*
1095 2547 1168 2586 (aut
1197 2547 1275 2578 tum
1301 2553 1401 2577 mera
1426 2542 1582 2587 mapalia

165 2599 273 2633 sehon
298 2600 374 2633 ιῙανσ.
404 2600 568 2640 Gronov).
597 2619 641 2624 —-
679 2599 721 2633 18
753 2601 859 2643 atque
885 2600 990 2633 HBr.
1027 2599 1102 2639 (mit
1126 2599 1279 2631 Komma
1314 2597 1433 2631 himer
1468 2597 1580 2640 capo).

166 2672 212 2678 —
236 2652 281 2686 27
308 2651 492 2687 Tarentini
518 2653 684 2695 Scheffer.
712 2673 756 2678 ——
782 2653 824 2687 31
853 2652 1001 2686 donaria
1026 2653 1090 2685 Br.
1118 2671 1162 2676 —
1189 2651 1234 2685 33
1259 2660 1388 2695 spuma
1413 2650 1461 2684 Η.
