1737 2823
871 74 887 93 Γ

766 95 811 100 ...-
870 88 892 110 ¹J
951 96 995 101 —.-

174 185 259 224 rina
295 184 424 235 pingui
464 186 621 235 figurata
659 184 936 235 pertundimus.
994 198 1062 235 ego
1098 186 1249 235 quidem
1291 200 1410 235 paene
1441 187 1575 237 proieci

174 249 320 295 partem
350 257 488 290 meam,
520 257 609 283 nam
631 243 826 282 videbatur
846 244 938 282 mihi
961 244 1034 282 iam
1056 244 1093 282 in
1115 245 1259 294 pullum
1280 245 1412 284 coisse.
1442 246 1577 285 deinde

174 308 215 342 ut
243 303 367 342 audivi
401 308 568 342 veterem
596 302 812 341 convivam:
843 303 918 341 ‘hic
947 303 1075 342 nescio
1105 303 1193 353 quid
1223 304 1314 342 boni
1334 305 1443 343 debet
1467 306 1576 350 csse',

173 368 395 413 persecutus
423 367 604 412 putamen
635 374 752 400 manu
782 361 1073 412 pinguissimam
1103 363 1301 401 ficedulam
1331 363 1457 401 inveni
1479 364 1577 414 pipe-

127 430 148 462 5
174 427 256 461 rato
286 421 409 461 vitello
438 421 724 460 circumdatam.

279 481 355 519 iam
393 479 624 518 Trimalchio
662 480 795 518 eadem
834 480 963 518 omnia
991 480 1077 518 lusu
1106 480 1325 518 intermisso
1354 487 1577 530 poposcerat
1601 488 1610 516 ε

173 539 387 590 feceratque
415 545 641 590 potestatem
669 540 771 577 clara
799 551 902 585 voce,
933 539 965 577 si
994 539 1077 588 quis
1107 545 1281 577 nostrum
1302 540 1439 578 iterum
1470 541 1578 578 vellet

172 599 342 638 mulsum
370 611 536 645 sumere,
566 611 653 637 cum
682 598 808 636 subito
837 598 990 648 signum
1020 598 1249 648 symphonia
1269 599 1378 637 datur
1398 604 1434 637 et
1453 605 1577 648 gusta-

173 658 269 697 toria
297 658 436 708 pariter
464 671 487 697 a
514 659 632 697 choro
661 663 839 696 cantante
867 657 1080 707 rapiuntur.
1127 663 1295 697 ceterum
1324 658 1422 697 inter
1442 660 1578 696 tumul-

104 724 148 757 10
172 722 254 756 tum
283 730 371 756 cum
400 718 495 756 forte
524 717 697 768 paropsis
726 717 927 756 excidisset
957 724 993 756 et
1022 730 1114 767 puer
1143 717 1329 756 iacentem
1350 717 1578 763 sustulisset,

171 776 439 816 animadvertit
466 776 698 815 Trimalchio
728 777 973 827 colaphisque
1002 776 1192 826 obiurgari
1221 789 1381 827 puerum
1411 789 1454 815 ac
1484 777 1579 826 proi-

173 848 258 875 cere
285 849 419 875 rursus
448 836 690 886 paropsidem
711 835 831 875 iussit.
888 836 1083 875 insecutus
1103 841 1159 874 est
1187 835 1502 886 supellecticarius
1523 849 1580 874 ar-

172 900 406 946 gentumque
434 895 532 934 inter
551 895 695 945 reliqua
714 900 967 946 purgamenta
986 895 1110 945 scopis
1131 895 1252 945 coepit
1271 908 1452 934 everrere.
1491 896 1577 933 sub-

172 954 261 993 inde
295 954 532 994 intraverunt
560 955 635 993 duo
663 955 870 1005 Aethiopes
899 954 1061 1005 capillati
1103 967 1190 993 cum
1231 955 1376 1005 pusillis
1418 954 1578 998 utribus⁷

104 1020 147 1052 15
174 1014 305 1063 quales
323 1014 447 1052 solent
467 1027 551 1052 esse
571 1014 634 1064 qui
653 1015 840 1052 harenam
860 1013 898 1051 in
920 1013 1202 1064 amphitheatro
1222 1019 1417 1064 spargunt,
1434 1013 1579 1052 vinum-

174 1085 247 1123 que
275 1073 412 1112 dedere
441 1073 480 1111 in
507 1086 666 1120 manus3
695 1086 835 1123 aquam
865 1072 968 1112 enim
996 1085 1110 1112 nemo
1140 1073 1319 1123 porrexit.

278 1133 454 1171 laudatus
482 1138 636 1183 propter
664 1132 870 1182 elegantias
899 1131 1078 1171 dominus
1107 1133 1297 1182 ‘aequum'
1324 1131 1446 1182 inquit
1465 1132 1580 1171 ‘Mars

172 1196 286 1230 amat.
343 1190 470 1241 itaque
503 1191 596 1230 iussi
634 1204 744 1230 suam
771 1190 908 1241 cuique
936 1204 1112 1230 mensam
1141 1191 1339 1241 assignari.
1396 1191 1518 1230 obiter
1545 1196 1581 1230 et

172 1250 404 1301 putidissimi
433 1250 531 1289 servi
558 1251 750 1290 minorem
778 1251 890 1289 nobis
918 1255 1067 1290 aestum
1096 1251 1309 1300 frequentia
1328 1264 1397 1289 sua
1416 1251 1579 1290 facient'.

103 1315 147 1348 20
279 1310 407 1349 statim
443 1310 578 1349 allatae
615 1316 705 1350 sunt
742 1311 950 1360 amphorae
987 1310 1128 1349 vitreae
1165 1310 1361 1361 diligenter
1390 1315 1581 1361 gypsatae,

174 1382 336 1419 quarum
366 1369 403 1408 in
435 1369 644 1409 cervicibus
673 1370 825 1420 pittacia
853 1375 962 1409 erant
990 1370 1104 1408 affixa
1133 1383 1220 1408 cum
1247 1371 1322 1409 hoc
1342 1370 1467 1409 titulo:
1498 1371 1581 1408 ‘Fa-

170 1428 324 1468 lernum
351 1428 600 1479 Opimianum
628 1442 820 1468 annorum
849 1429 1029 1468 centum'.
1078 1430 1169 1468 dum
1190 1430 1319 1468 titulos
1338 1429 1580 1480 perlegimus,

173 1488 375 1538 complosit
403 1488 636 1527 Trimalchio
664 1502 803 1528 manus
833 1494 868 1527 et
899 1489 1020 1527 ‘eheu'
1050 1488 1173 1538 inquit
1202 1490 1304 1539 ‘ergo
1333 1489 1474 1528 diutius
1494 1489 1583 1527 vivit

173 1546 306 1586 vinum
335 1560 450 1597 quam
478 1547 699 1587 homuncio.
757 1561 874 1598 quare
902 1553 1156 1598 tangomenas
1183 1548 1376 1587 faciamus.
1433 1549 1507 1587 vita
1534 1548 1582 1586 vi-

104 1615 148 1646 25
173 1619 269 1645 num
306 1613 375 1646 est.
431 1620 564 1646 verum
601 1607 848 1658 Opimianum
882 1613 1046 1658 praesto.
1101 1607 1185 1646 heri
1220 1621 1299 1646 non
1328 1613 1406 1646 tam
1435 1608 1581 1647 bonum

173 1665 296 1716 posui,
326 1671 362 1704 et
391 1666 511 1705 multo
537 1667 779 1706 honestiores
800 1667 1014 1705 cenabant'.
1062 1666 1283 1717 potantibus
1303 1679 1392 1715 ergo
1413 1666 1525 1705 nobis
1545 1672 1580 1705 et

173 1725 458 1765 accuratissime
485 1725 651 1764 lautitias
677 1726 907 1765 mirantibus
935 1726 1083 1764 laruam
1110 1731 1331 1776 argenteam
1359 1726 1483 1765 attulit
1506 1739 1580 1764 ser-

173 1797 243 1823 vus
272 1784 326 1823 sic
354 1789 535 1835 aptatam,
564 1790 605 1824 ut
633 1785 779 1824 articuli
798 1785 879 1824 eius
898 1786 1171 1835 vertebraeque
1188 1786 1340 1824 luxatae
1359 1785 1400 1824 in
1425 1798 1581 1824 omnem

173 1849 320 1894 partem
348 1844 604 1884 flecterentur.
657 1845 759 1884 hanc
787 1857 875 1883 cum
904 1857 1018 1894 super
1037 1857 1212 1883 mensam
1233 1845 1350 1883 semel
1368 1844 1582 1894 iterumque

104 1910 148 1942 30
174 1902 385 1951 abiecisset,
421 1909 458 1942 et
486 1903 673 1943 catenatio
709 1903 862 1943 mobilis
891 1904 1032 1954 aliquot
1061 1904 1201 1954 figuras
1231 1904 1471 1955 exprimeret,
1500 1903 1582 1942 Tri-

173 1962 338 2001 malchio
365 1962 523 2002 adiecit:

315 2022 427 2061 ‘eheu
456 2035 527 2062 nos
554 2022 729 2070 miseros,
760 2036 875 2072 quam
904 2027 1007 2062 totus
1034 2022 1243 2062 homuncio
1272 2023 1325 2061 nil
1353 2027 1421 2061 est.

316 2080 370 2120 sic
399 2081 540 2120 erimus
569 2082 708 2129 cuncti⁷
737 2087 940 2132 postquam
970 2095 1041 2121 nos
1070 2082 1216 2121 auferet
1243 2081 1376 2120 Orcus.

266 2138 273 2147 '
387 2153 476 2191 ergo
504 2140 689 2185 vivamus,
718 2141 811 2180 dum
838 2141 924 2180 licet
952 2154 1036 2180 esse
1064 2141 1188 2180 bene'.

1627 197 1644 227 7

1627 255 1647 286 8

1631 1852 1650 1883 9

1609 2032 1651 2064 10

104 2206 148 2238 35
279 2199 539 2238 laudationem
565 2200 750 2239 ferculum
779 2205 835 2239 est
863 2201 1078 2239 insecutum
1107 2201 1219 2250 plane
1247 2213 1327 2239 non
1355 2212 1423 2250 pro
1449 2212 1580 2250 expec-
1605 2203 1652 2240 35

175 2257 318 2298 tatione
336 2272 540 2309 magnum;
562 2260 710 2298 novitas
729 2265 859 2298 tamen
879 2259 1052 2298 omnium
1073 2258 1258 2298 convertit
1277 2260 1419 2298 oculos.
1449 2265 1581 2298 rotun-

175 2318 268 2356 dum
296 2318 398 2356 enim
427 2318 696 2368 repositorium
723 2318 924 2358 duodecim
951 2319 1118 2357 habebat
1146 2318 1254 2369 signa
1282 2319 1320 2356 in
1347 2319 1439 2357 orbe
1458 2319 1581 2369 dispo·

176 2376 260 2424 sita,
298 2389 411 2428 super
449 2390 545 2427 quae
582 2377 779 2428 proprium
813 2378 1182 2428 convenientemque
1209 2377 1389 2417 materiae
1418 2383 1581 2417 structor

249 2490 256 2496 ⁸
285 2506 327 2541 12
351 2506 551 2542 lecticarius
576 2508 715 2542 HLBr.
742 2528 785 2533 -
817 2508 863 2542 24
873 2507 921 2552 fg.
946 2508 1071 2542 vinum
1097 2507 1170 2542 vita
1198 2509 1297 2542 Goes.
1326 2527 1366 2532 —
1394 2507 1438 2541 028
1464 2507 1580 2541 laxate

175 2560 226 2603 H,
251 2560 387 2595 locatae
411 2561 455 2596 L.

1629 2270 1650 2300 2
