1732 2844
741 141 999 179 ψῃ,-1

120 261 137 293 7
166 253 307 291 rimum
337 251 599 291 bacciballum.
657 253 723 290 sed
752 265 821 302 ego
851 265 929 290 non
950 252 1190 291 mehercules
1210 253 1454 303 corporaliter
1473 254 1577 293 illam

166 318 231 351 aut
269 317 422 362 propter
461 324 521 350 res
560 311 733 350 venerias
773 311 913 358 curavi,
953 312 1019 350 sed
1057 311 1179 361 magis
1217 313 1318 361 quod
1355 313 1578 352 benemoria

120 379 139 410 8
166 371 246 410 fuit.
277 371 308 409 si
338 372 426 421 quid
456 371 503 409 ab
533 370 595 409 illa
624 370 725 421 petii,
757 384 956 420 nunquam
986 370 1080 409 mihi
1111 377 1309 421 negatum3
1332 371 1416 410 fecit
1436 385 1577 420 assem,

168 431 367 469 semissem
397 430 532 477 habui3
563 432 742 481 quicquid
770 432 898 480 habui,
918 429 957 468 in
979 430 1077 469 illius
1098 431 1226 469 sinum
1248 431 1488 479 demandavi,
1509 445 1580 471 nec

121 498 139 529 9
167 503 340 540 unquam
375 490 549 528 fefellitus
590 503 689 528 sum.
745 490 860 528 huius
901 490 1187 529 contubernalis
1217 491 1262 528 ad
1293 489 1420 528 villam
1449 504 1578 541 supre-

168 563 275 588 mum
314 549 414 588 diem
453 549 555 587 obiit.
613 548 740 599 itaque
776 562 842 599 per
872 554 1023 588 scutum
1053 563 1119 599 per
1149 562 1301 588 ocream
1330 550 1388 600 egi
1417 550 1578 600 aginavi,

168 609 494 658 quemadmodum
523 610 571 647 ad
601 608 704 646 illam
734 608 994 658 pervenirem:
1037 611 1142 647 scitis
1171 613 1313 656 autem,
1334 608 1372 646 in
1394 608 1580 659 angustiis

94 672 142 707 62
167 668 279 707 amici
308 673 504 719 apparent.
563 668 657 706 forte
686 667 866 705 dominus
897 667 1049 717 Capuae
1078 667 1220 706 exierat
1258 669 1306 706 ad
1340 673 1467 706 scruta
1488 667 1582 707 scita

122 738 141 768 2
169 727 415 778 expedienda.
474 732 608 765 nactus
645 740 713 776 ego
753 725 995 765 occasionem
1025 727 1236 776 persuadeo
1266 727 1456 777 hospitem
1494 740 1580 766 nos·

168 792 283 834 trum,
325 793 365 825 ut
405 800 557 825 mecum
600 787 648 825 ad
687 785 864 835 quintum
902 784 1106 824 miliarium
1145 784 1283 824 veniat.
1340 791 1420 824 erat
1449 790 1579 825 autem

121 856 140 887 :3
167 847 289 893 miles,
328 846 434 884 fortis
470 851 654 895 tanquam
683 845 817 884 Orcus.
875 845 1123 894 apoculamus
1153 857 1223 883 nos
1252 844 1351 883 circa
1379 845 1581 895 gallicinia,

116 898 141 946 '4
167 906 260 944 luna
278 906 428 944 lucebat
449 910 633 955 tanquam
653 904 822 943 meridie.
867 903 1042 942 venimus
1063 904 1161 942 inter
1182 903 1442 943 monimenta:
1463 905 1582 943 homo

169 978 277 1004 meus
313 965 435 1015 coepit
471 966 518 1003 ad
554 965 668 1003 stelas
697 965 833 1011 facere,
863 965 972 1002 sedeo
1001 977 1070 1013 ego
1100 964 1369 1002 cantabundus
1399 969 1436 1003 et
1468 964 1582 1003 stelas

122 1034 141 1064 5
169 1037 343 1063 numere.
401 1023 538 1063 deinde
566 1029 607 1063 ut
636 1023 785 1074 respexi
814 1024 862 1062 ad
891 1023 1083 1070 comitem,
1113 1023 1174 1061 ille
1203 1022 1306 1062 exuit
1336 1036 1378 1062 se
1398 1028 1434 1062 et
1453 1023 1584 1062 omnia

170 1084 396 1123 vestimenta
434 1085 647 1122 secundum
678 1084 773 1122 viam
802 1082 939 1133 posuit.
998 1082 1093 1121 mihi
1130 1083 1260 1121 anima
1289 1083 1327 1120 in
1357 1095 1452 1121 naso
1488 1095 1583 1130 esse,

122 1152 141 1183 6
169 1144 319 1182 stabam
348 1149 531 1193 tanquam
562 1148 750 1182 mortuus.
807 1148 844 1181 at
864 1143 925 1180 ille
951 1141 1235 1180 circumminxit
1255 1141 1482 1180 vestimenta
1502 1155 1584 1189 sua,

170 1208 206 1242 et
234 1203 360 1241 subito
389 1203 502 1252 lupus
532 1203 652 1241 factus
681 1207 749 1241 est.
807 1202 924 1240 nolite
952 1215 1014 1240 me
1034 1201 1149 1240 iocari
1169 1207 1324 1251 putare;
1346 1206 1387 1239 ut
1407 1200 1584 1249 mentiar,

124 1270 141 1301 7
170 1262 312 1301 nullius
347 1261 621 1312 patrimonium
659 1261 754 1300 tanti
792 1261 899 1300 facio.
943 1262 1022 1308 sed,
1062 1262 1163 1310 quod
1203 1274 1403 1311 coeperam
1447 1261 1583 1308 dicere,

123 1329 143 1360 8
171 1327 374 1373 postquam
402 1323 515 1371 lupus
544 1322 666 1360 sactus
697 1326 765 1369 est,
795 1321 941 1360 ululare
970 1320 1093 1371 coepit
1122 1326 1157 1359 et
1177 1321 1216 1358 in
1238 1320 1351 1359 silvas
1370 1320 1476 1370 fugit.
1515 1333 1584 1370 ego

170 1381 346 1432 primitus
385 1381 604 1420 nesciebam
642 1381 707 1419 ubi
746 1393 883 1428 essem,
923 1380 1061 1419 deinde
1098 1379 1253 1427 accessi,
1289 1385 1331 1418 ut
1359 1379 1587 1418 vestimenta

173 1441 253 1480 eius
289 1441 480 1480 tollerem:
519 1440 582 1479 illa
611 1446 740 1479 autem
766 1440 915 1490 lapidea
944 1441 1042 1478 facta
1071 1445 1172 1478 sunt.
1231 1439 1295 1489 qui
1323 1439 1422 1477 mori
1450 1438 1588 1477 timore

124 1507 143 1538 9
171 1499 245 1539 nisi
280 1504 374 1550 ego?
412 1499 579 1550 gladium
616 1505 745 1538 tamen
774 1499 910 1538 strinxi
940 1505 977 1538 et
1004 1499 1044 1538 in
1074 1504 1153 1538 tota
1183 1498 1241 1537 via
1269 1498 1428 1537 umbras
1458 1498 1587 1545 cecidi,

1606 794 1650 827 10

1612 1386 1658 1424 20

100 1566 145 1598 10
171 1560 293 1598 (101160
331 1560 378 1598 ad
416 1559 543 1598 villam
573 1559 719 1598 amicae
746 1572 856 1598 meae
896 1558 1148 1609 pervenirem.
1205 1564 1247 1597 ut
1287 1559 1396 1597 larua
1434 1557 1585 1605 intravi,
1638 1577 1641 1579 -

169 1632 291 1669 paene
320 1619 490 1658 animam
520 1619 684 1666 ebullivi,
715 1619 831 1657 sudor
860 1618 954 1656 mihi
984 1632 1050 1668 per
1079 1617 1270 1656 bifurcum
1300 1617 1466 1665 volabat,
1487 1616 1586 1656 oculi

101 1684 141 1716 11
170 1678 324 1726 mortui,
355 1679 415 1716 vix
445 1691 617 1728 unquam
646 1678 809 1716 refectus
839 1691 937 1716 sum.
994 1678 1148 1717 Melissa
1176 1691 1262 1716 mea
1291 1678 1422 1716 mirari
1450 1676 1584 1727 coepit,

172 1739 274 1787 quod
302 1744 381 1777 tam
410 1751 495 1777 sero
525 1738 777 1784 ambularem,
807 1742 842 1776 et
863 1738 921 1776 “si
942 1738 1055 1776 ante''
1076 1737 1200 1787 inquit
1221 1737 1430 1785 “venisses,
1452 1737 1587 1776 saltem

173 1797 284 1836 nobis
323 1797 553 1844 adiutasses,
591 1797 705 1847 lupus
744 1796 847 1835 enim
885 1798 1013 1836 villam
1041 1797 1196 1836 intravit
1226 1802 1261 1835 et
1290 1796 1421 1835 omnia
1448 1809 1587 1846 pecora

172 1862 357 1906 tanquam
385 1856 510 1895 lanius
540 1856 768 1906 sanguinem
798 1856 869 1895 illis
898 1857 1013 1896 misit.
1063 1870 1133 1895 nec
1153 1862 1283 1895 tamen
1304 1856 1446 1904 derisit,
1473 1855 1587 1895 etiam

103 1923 145 1954 12
173 1916 203 1955 si
233 1916 344 1966 fugit3
376 1929 508 1955 servus
538 1915 641 1954 enim
671 1921 801 1955 noster
830 1917 963 1955 lancea
991 1917 1131 1956 collum
1160 1915 1241 1955 eius
1270 1915 1454 1954 traiecit''.
1492 1916 1588 1954 haec

173 1980 214 2014 ut
235 1975 372 2023 audivi,
404 1976 551 2026 operire
580 1975 709 2014 oculos
739 1975 903 2026 amplius
932 1989 1012 2014 non
1042 1975 1160 2026 potui,
1190 1976 1254 2014 sed
1284 1976 1368 2014 luce
1397 1975 1499 2013 clara
1518 1973 1588 2013 Gai

172 2035 294 2074 nostri
324 2036 482 2074 domum
511 2034 588 2085 fugi
617 2040 802 2085 tanquam
832 2048 927 2085 copo
957 2035 1197 2085 compilatus,
1220 2039 1256 2073 et
1275 2039 1481 2084 postquam
1500 2032 1587 2072 veni

172 2093 211 2132 in
249 2093 357 2133 illum
394 2095 533 2142 locum,
571 2094 611 2133 in
650 2107 725 2144 quo
763 2094 910 2145 lapidea
948 2095 1175 2133 vestimenta
1214 2099 1324 2133 erant
1352 2094 1462 2141 facta,
1491 2093 1586 2131 nihil

103 2160 144 2192 13
172 2153 301 2192 inveni
342 2153 415 2192 nisi
455 2153 696 2204 sanguinem.
754 2159 795 2192 ut
837 2166 926 2193 vero
964 2155 1123 2192 domum
1161 2152 1261 2201 veni,
1299 2153 1445 2192 iacebat
1477 2151 1587 2191 miles

171 2226 281 2252 meus
311 2213 350 2251 111
379 2214 475 2252 lecto
504 2218 688 2263 tanquam
718 2213 838 2261 bovis,
868 2218 904 2252 et
933 2213 1073 2252 collum
1102 2213 1202 2252 illius
1223 2212 1395 2252 medicus
1416 2212 1585 2251 curabat.

173 2272 340 2311 intellexi
382 2272 490 2311 illum
532 2273 769 2324 versipellem
812 2286 909 2320 esse,
950 2286 1022 2312 nec
1064 2278 1197 2323 postea
1238 2285 1325 2311 cum
1354 2272 1418 2310 illo
1446 2283 1586 2322 panem

285 2422 300 2454 1
327 2420 438 2464 illam]
470 2424 589 2455 autem
615 2423 663 2455 H.
690 2442 736 2446 —
762 2421 782 2455 2
810 2421 901 2456 bene
926 2420 1060 2456 moriar
1079 2422 1128 2456 H.
1154 2441 1199 2446 —-
1225 2421 1246 2454 8
1273 2420 1432 2463 Capuam
1450 2420 1516 2453 Br.
1542 2439 1587 2444 —

178 2474 218 2507 12
254 2474 349 2508 intra
383 2476 447 2509 Br.
485 2493 528 2498 —-
570 2476 612 2508 13
647 2475 766 2509 stellas
798 2476 846 2508 H.
882 2493 927 2497 —
966 2475 1066 2510 Viell.
1103 2474 1164 2508 sed
1199 2484 1265 2517 ego
1299 2473 1454 2517 procedo
1492 2473 1589 2514 (oder

174 2529 294 2570 pergo)
314 2528 363 2562 c.*
381 2547 424 2551 ——
454 2528 496 2562 15
523 2527 654 2571 anima]
684 2528 721 2562 in
744 2528 865 2562 animo
885 2529 934 2562 H.
953 2548 999 2553 —
1025 2528 1069 2561 22
1096 2530 1130 2561 et
1155 2530 1252 2561 mata
1271 2527 1344 2561 vita
1360 2529 1422 2560 tau
1439 2526 1588 2560 umbras

174 2581 232 2622 H;
257 2581 348 2614 viell.
367 2585 411 2622 et,
432 2584 480 2626 μὰ
499 2584 558 2615 τὰν
576 2579 741 2625 Ἑκάταν,
759 2581 944 2615 umb1·as*.
965 2599 1007 2605 —-
1032 2582 1077 2615 23
1097 2580 1136 2614 in
1153 2580 1292 2615 laruam
1311 2581 1359 2614 H.
1380 2598 1423 2604 —
1449 2580 1492 2614 27
1511 2589 1586 2624 per-

174 2633 259 2668 culit
284 2636 365 2678 fic'qt
381 2636 446 2669 Br.
475 2635 594 2668 himer
619 2645 748 2678 pecora
774 2637 847 2675 ein3
874 2635 964 2668 vc'ell.
991 2633 1191 2668 laceravit*.
1211 2654 1255 2659 ——
1282 2635 1328 2668 30
1353 2633 1429 2676 Gai]
1456 2633 1524 2667 hac
1537 2633 1585 2666 H.

1612 1683 1659 1715 25

1612 1982 1658 2016 30

1612 2279 1658 2312 35
