1732 2844
756 81 986 118 „2—

124 203 142 234 3
169 192 228 232 liis
259 206 304 232 ex
331 193 420 231 lana
439 191 662 231 mollissima
683 191 800 230 factis.
843 196 919 229 tres
939 190 1092 229 interim
1112 191 1321 241 iatraliptae
1341 192 1379 230 in
1400 205 1579 242 conspec-

171 258 211 291 tu
246 252 326 291 eius
361 252 566 290 Falernum
602 252 797 301 potabant,
833 255 869 288 et
904 263 990 288 cum
1028 251 1236 300 plurimum
1265 250 1432 290 rixantes
1461 252 1580 290 effun-

125 320 145 351 4
171 312 316 358 derent‚
338 311 570 350 Trimalchio
598 311 672 348 hoc
698 323 810 348 suum
838 310 1061 359 propinasse
1081 309 1241 349 dicebat.
1278 309 1370 348 hinc
1389 309 1581 349 involutus

172 370 326 409 coccina
353 384 522 421 gausapa
548 369 702 408 lecticae
730 368 931 418 impositus
961 374 1017 407 est
1043 369 1357 419 praecedentibus
1378 370 1582 419 phaleratis

172 429 393 468 cursoribus
423 434 600 479 quattuor
630 434 666 467 et
695 427 941 474 chiramaxio,
964 427 1002 466 in
1023 441 1098 477 quo
1119 428 1273 467 deliciae
1293 428 1374 467 eius
1394 429 1582 467 veheban-
1632 437 1653 468 5

126 497 147 528 5
172 494 246 536 tur,
275 502 369 539 puer
399 489 558 534 vetulus,
588 487 726 537 lippus,
755 486 912 525 domino
933 487 1217 526 Trimalchione
1237 488 1452 526 deformior.
1496 501 1583 526 curn

174 561 263 598 ergo
292 548 514 594 auferretur,
537 548 583 585 ad
605 552 717 597 caput
737 545 818 584 eius
839 546 1136 596 symphoniacus
1167 560 1253 585 cum
1282 547 1452 585 minimis
1485 546 1584 585 tibiis

174 607 333 646 accessit
362 612 397 645 et
426 611 610 655 tanquam
631 605 668 644 in
692 619 824 644 aurem
850 605 992 655 aliquid
1014 611 1158 644 secreto
1180 606 1331 654 diceret,
1353 611 1431 645 toto
1452 606 1585 645 itinere

174 666 350 706 cantavit.

128 734 147 765 6
281 725 476 775 sequimur
506 737 577 762 nos
606 723 858 763 admiratione
886 724 962 763 iam
992 724 1109 763 saturi
1130 730 1166 763 et
1187 737 1274 762 cum
1293 724 1586 775 Agamemnone
1613 732 1657 764 10

174 786 221 824 ad
250 785 406 823 ianuam
435 783 691 834 pervenimus,
722 783 761 821 in
791 783 898 821 cuius
928 789 1035 833 poste
1055 783 1203 822 libellus
1233 789 1313 822 erat
1332 797 1419 822 cum
1439 785 1512 823 hac
1532 785 1586 823 in-

129 852 146 884 ’ἵ
175 844 379 894 scriptione
408 844 524 882 fixus:
555 842 740 892 ‘quisquis
770 856 901 881 servus
923 843 1006 881 sine
1031 843 1223 881 dominico
1242 843 1350 881 iussu
1370 844 1470 882 foras
1490 843 1586 883 exie-

129 912 149 943 8
175 903 234 949 rit,
264 903 420 953 accipiet
448 903 579 952 plagas
599 902 780 941 centum'.
837 901 873 940 in
896 902 1000 940 aditu
1020 907 1148 940 autem
1168 902 1250 952 ipso
1272 903 1396 941 stabat
1411 903 1587 943 ostiarius

175 963 404 1013 prasinatus,
435 960 608 1000 cerasino
637 961 854 1000 succinctus
883 961 1046 1011 cingulo⁷
1076 967 1190 1011 atque
1218 962 1258 1000 in
1280 963 1390 1001 lance
1409 968 1589 1012 argentea

130 1032 149 1061 9
176 1022 302 1072 pisum
331 1021 529 1072 purgabat.
586 1035 700 1071 super
728 1021 845 1060 limen
874 1026 1002 1060 autern
1032 1034 1145 1060 cavea
1174 1022 1364 1071 pendebat
1392 1035 1520 1070 aurea,
1549 1022 1589 1061 in
1616 1028 1659 1060 15

105 1086 151 1121 29
177 1095 251 1131 qua
280 1082 363 1132 pica
391 1080 495 1120 varia
514 1080 701 1120 intrantes
722 1081 922 1120 salutabat.
967 1086 1135 1120 ceterum
1156 1095 1225 1132 ego
1245 1082 1337 1120 dum
1363 1081 1493 1121 omnia
1513 1087 1588 1121 stu-

177 1154 260 1191 peo,
289 1154 411 1191 paene
439 1140 683 1191 resupinatus
713 1154 824 1179 crura
852 1153 938 1178 mea
966 1140 1070 1191 fregi.
1127 1142 1175 1179 ad
1195 1140 1390 1180 sinistram
1411 1141 1588 1180 enimin·

177 1201 367 1239 trantibus
395 1213 475 1238 non
503 1200 616 1250 longe
636 1201 684 1238 ab
706 1199 847 1238 ostiarii
868 1200 961 1238 cella
978 1199 1083 1238 canis
1103 1199 1252 1250 ingens,
1273 1205 1408 1239 catena
1428 1200 1588 1248 vinctus,

177 1259 217 1298 in
246 1260 387 1310 pariete
423 1264 504 1298 erat
532 1259 654 1310 pictus
685 1272 875 1309 superque
903 1260 1087 1308 quadrata
1115 1259 1239 1298 littera
1273 1259 1457 1310 scriptum
1487 1261 1590 1299 ‘cave

132 1330 151 1360 2
178 1318 339 1359 canem'.
397 1324 432 1357 et
470 1318 634 1368 collegae
673 1317 826 1368 quidem
861 1318 936 1356 mei
969 1318 1150 1366 riserunt,
1180 1331 1249 1369 ego
1278 1324 1406 1357 autem
1436 1320 1590 1358 collecto
1617 1325 1662 1357 20

132 1389 151 1420 3
180 1377 313 1429 spiritu
342 1392 422 1417 non
451 1377 574 1417 destiti
604 1383 727 1416 totum
756 1377 940 1428 parietem
960 1378 1147 1428 persequi.
1205 1383 1285 1416 erat
1305 1382 1432 1417 autem
1453 1378 1591 1417 venali-

180 1437 280 1477 cium
309 1452 393 1476 ωιτη
421 1437 537 1476 titulis
567 1437 723 1487 pictum,
754 1437 890 1487 etipse
909 1437 1143 1476 Trimalchio
1164 1437 1362 1488 capillatus
1382 1438 1592 1476 caduceum

132 1508 152 1538 4
179 1498 332 1536 tenebat
360 1497 607 1546 Minervaque
627 1497 789 1535 ducente
809 1497 975 1535 Romam
994 1496 1172 1535 intrabat.
1229 1496 1320 1535 hinc
1346 1498 1592 1546 quemadmo-

178 1558 269 1595 dum
312 1556 528 1595 ratiocinari
578 1555 780 1603 didicisset,
829 1556 993 1605 denique
1034 1556 1275 1606 dispensator
1317 1556 1438 1595 factus
1479 1561 1591 1603 esset,

132 1625 152 1657 5
179 1616 309 1655 omnia
337 1615 534 1666 diligenter
564 1615 737 1654 curiosus
766 1615 886 1666 pictor
914 1628 1002 1654 cum
1032 1615 1279 1666 inscriptione
1298 1615 1523 1654 reddiderat.
1552 1615 1593 1654 in
1619 1621 1663 1654 25

180 1675 377 1714 deficiente
413 1689 504 1714 vero
540 1674 616 1714 iam
655 1675 802 1725 porticu
842 1675 1009 1713 levatum
1047 1680 1178 1713 mento
1206 1674 1246 1712 in
1276 1675 1446 1714 tribunal
1474 1675 1594 1714 excel·

134 1745 152 1775 6
181 1749 267 1774 sum
308 1734 519 1773 Mercurius
562 1734 744 1784 rapiebat.
801 1738 952 1784 praesto
995 1739 1075 1773 erat
1116 1734 1286 1772 Fortuna
1325 1747 1446 1773 cornu
1474 1735 1593 1773 abun-

135 1803 152 1835 7
181 1794 286 1833 danti
324 1794 477 1844 copiosa
515 1799 551 1832 et
589 1799 664 1832 tres
701 1794 845 1832 Parcae
882 1807 998 1832 aurea
1026 1807 1146 1844 pensa
1175 1799 1408 1844 torquentes.
1466 1793 1594 1833 notavi

181 1854 295 1893 etiam
324 1854 363 1892 in
392 1852 539 1904 porticu
568 1866 722 1904 gregem
748 1866 949 1892 cursorum
970 1866 1058 1892 cum
1077 1853 1259 1904 magistro
1280 1866 1321 1892 se
1340 1857 1592 1892 exercentem.

135 1922 155 1954 8
181 1918 377 1964 praeterea
413 1914 558 1963 grande
595 1913 804 1952 armarium
841 1912 880 1951 in
918 1914 1058 1963 angulo
1096 1912 1182 1960 vidi,
1219 1912 1260 1951 in
1289 1912 1396 1951 cuius
1425 1912 1596 1951 aedicula
1620 1918 1665 1951 30

183 1978 291 2012 erant
323 1973 440 2011 Lares
475 1972 643 2022 argentei
682 1971 793 2022 positi
823 1971 1059 2021 Venerisque
1088 1972 1241 2022 signum
1270 1985 1530 2011 marmoreum
1560 1976 1597 2010 et

183 2031 291 2082 pyxis
326 2045 441 2071 aurea
476 2045 556 2070 non
590 2032 739 2082 pusilla,
775 2031 815 2070 in
851 2044 926 2081 qua
954 2032 1115 2070 barbam
1143 2031 1261 2082 ipsius
1292 2031 1484 2070 conditam
1513 2043 1597 2070 esse

184 2092 373 2130 dicebant.

139 2219 158 2250 9
291 2209 528 2261 interrogare
548 2224 636 2261 ergo
657 2211 864 2249 atriensem
884 2209 1002 2260 coepi,
1025 2223 1120 2260 quas
1141 2209 1180 2248 in
1201 2209 1326 2248 medio
1345 2209 1511 2259 picturas
1531 2209 1595 2248 ha-

185 2270 330 2308 berent.
388 2270 516 2308 ‘Iliada
554 2276 589 2309 et
627 2270 828 2320 Odyssian'
867 2270 989 2320 inquit
1027 2271 1084 2308 ‘ac
1118 2268 1296 2308 Laenatis
1331 2268 1596 2319 gladiatorium
1622 2275 1667 2306 35

114 2332 160 2368 30
187 2329 355 2368 munus'.
413 2343 492 2368 non
520 2330 656 2369 licebat
684 2329 934 2377 †multaciam
964 2328 1206 2368 considerare

297 2520 315 2553 7
347 2519 625 2563 symphoniacus
658 2519 778 2553 himer
806 2518 964 2553 minimis
993 2519 1128 2562 yestellt
1153 2518 1233 2551 HL.
1263 2537 1306 2542 -—
1333 2516 1379 2551 28
1405 2515 1598 2560 conspicua

190 2584 292 2607 cerm.
318 2574 382 2607 Br.
