1737 2823
59 757 108 790 '10

61 1057 106 1090 15

59 1412 106 1444 20

60 2298 109 2331 :35

706 109 961 147 „17-

130 219 180 259 illi
219 219 328 257 dixit:
373 219 585 268 “numquid
624 219 719 258 alius
758 220 826 258 scit
865 221 965 259 lianc
1000 221 1237 260 condituram
1283 224 1536 264 νὶὶιὉοιἹΗιιῬΠ

130 278 214 317 vide
251 278 376 316 modo.
434 284 637 329 postquam
680 279 841 328 negavit,
883 279 989 317 iussit
1027 280 1130 318 illum
1172 281 1535 324 Caesa=·de‹·011ari:
1586 295 1606 325 6

131 337 220 388 quia
249 338 365 382 euim,
395 337 425 376 si
455 337 591 376 scitum
621 343 733 383 esset,
764 351 901 376 aurum
932 351 1000 388 pro
1030 339 1111 377 luto
1132 340 1375 379 haberemus.
1424 343 1459 380 in
1482 358 1537 381 ar-

130 401 243 448 gento
282 397 394 447 plane
432 396 625 435 studiosus
660 409 759 435 sum.
816 397 940 435 habco
982 399 1144 447 scyphos
1175 399 1328 438 urnales
1358 402 1441 450 plus
1472 403 1536 440 mi-
1562 406 1609 441 52

130 469 204 495 nus
237 457 285 495 C:
329 456 652 505 quemadmodum
692 456 910 495 Cassandra
948 457 1081 495 occidit
1112 458 1207 496 filios
1237 471 1339 506 suos,
1369 466 1404 498 et
1435 462 1539 510 pueri

129 515 270 554 mortui
299 514 422 554 iacent
441 514 494 553 sic
524 519 564 553 ut
594 514 715 554 rivere
748 520 871 565 putes.
928 515 1053 554 habeo
1083 517 1234 567 capides
1264 519 1314 565 M,
1344 532 1438 568 quas
1459 521 1538 558 reli·
1589 530 1608 560 2

130 574 210 624 quit
249 580 409 625 patrono
447 587 525 613 meo
563 574 785 619 Mummius,
822 574 887 612 ubi
917 575 1106 614 Daedalus
1135 576 1297 615 Niobam
1328 577 1366 616 in
1397 591 1537 627 equum

130 634 342 673 Troianum
373 633 543 672 includit.
602 647 691 672 nam
723 634 960 672 Hermerotis
990 647 1137 685 pugnas
1167 641 1203 674 ct
1224 636 1398 676 Petraitis
1418 639 1456 676 in
1477 651 1538 687 po·
1589 649 1608 679 3

130 693 224 733 culis
260 693 398 738 habeo.
436 693 566 732 omnia
604 694 837 743 ponderosa;
878 706 1007 732 meum
1047 693 1150 732 enim
1190 694 1398 745 intelligere
1436 697 1539 736 nulla

136 752 299 804 pecunia
326 752 476 791 vendo'.

236 812 331 850 haec
359 812 450 850 dum
480 811 604 858 refert,
626 824 720 861 puer
740 811 895 850 calicem
917 811 1085 862 proiecit.
1133 812 1181 850 ad
1201 825 1314 862 quem
1335 813 1541 864 respiciens
1590 827 1611 858 4

131 870 366 910 Trimalchio
395 871 493 909 ‘cito'
525 870 647 920 inquit
676 871 726 909 ‘te
755 871 881 921 ipsum
902 871 1028 917 caede,
1051 870 1139 920 quia
1160 884 1286 921 nugax
1306 872 1373 911 es'.
1415 874 1541 912 statim

130 943 225 981 puer
253 930 421 969 demisso
448 930 555 969 labro
584 943 708 969 orare.
767 935 804 969 at
833 930 893 969 ille
923 929 1026 980 ‘quid
1047 931 1120 969 me'
1143 930 1264 980 inquit
1285 933 1432 982 ‘rogas?
1462 938 1541 971 tan·
1591 944 1611 975 5

131 1002 246 1039 quam
277 1002 346 1040 ego
374 988 442 1028 tibi
471 990 655 1028 molestus
684 989 768 1028 sim.
819 989 973 1036 suadeO,
1003 1003 1025 1028 a
1045 995 1081 1028 te
1100 989 1293 1040 impetres,
1323 1004 1372 1029 ne
1400 991 1452 1030 sis
1472 1005 1542 1030 nu-

131 1049 230 1099 gax'.
286 1049 441 1088 tandem
477 1062 567 1100 ergo
602 1054 781 1088 exoratus
810 1062 833 1088 a
862 1048 973 1087 nobis
1012 1049 1236 1088 missionem
1274 1050 1375 1089 dedit
1411 1063 1540 1101 puero.
1591 1063 1611 1094 6

130 1106 191 1147 ille
219 1107 400 1147 dimissus
430 1107 529 1147 circa
557 1121 732 1147 mensam
763 1111 996 1159 percucurrit

131 1231 167 1265 et
197 1227 350 1276 ‘aquam
380 1227 494 1274 foras,
524 1226 656 1265 vinum
676 1226 789 1265 intro'
811 1226 987 1265 clamavit
1202 1227 1411 1278 excipimus
1431 1228 1542 1267 urba·
1593 1239 1611 1271 7

132 1285 290 1324 nitatem
321 1286 496 1333 iocantis,
525 1291 561 1324 et
590 1291 678 1325 ante
709 1298 843 1325 omnes
872 1286 1155 1336 Agamemnon,
1187 1286 1251 1336 qui
1280 1287 1434 1334 sciebat,
1465 1287 1542 1337 qui-

131 1344 204 1383 bus
241 1344 386 1383 meritis
422 1349 664 1384 revocaretur
700 1345 747 1383 ad
777 1357 923 1383 cenam.
981 1350 1150 1384 ceterum
1179 1346 1353 1384 laudatus
1383 1346 1544 1385 Trimal·
1593 1357 1613 1389 8

132 1403 218 1443 chio
246 1403 403 1443 hilarius
432 1403 527 1443 bibit
555 1409 592 1443 et
620 1403 696 1442 iam
731 1403 836 1442 ebrio
876 1403 1075 1454 proximus
1112 1405 1253 1443 ‘nemo’
1291 1405 1413 1455 inquit
1450 1407 1543 1445 ‘ves-

132 1467 234 1502 trum
262 1468 370 1514 rogat
399 1464 650 1502 Fortunatam
678 1476 819 1510 meam,
849 1469 889 1502 ut
918 1463 1053 1502 saltet?
1093 1463 1233 1502 credite
1262 1464 1375 1503 mihi:
1415 1465 1543 1504 corda-

131 1534 215 1561 cem
245 1535 360 1562 nemo
389 1523 525 1562 melius
555 1521 682 1561 ducit'.

131 1585 244 1631 atque
282 1581 363 1632 ipse
401 1581 536 1621 erectis
574 1595 691 1632 supra
728 1581 896 1620 frontem
932 1581 1114 1620 manibus
1149 1582 1290 1632 Syrum
1316 1581 1541 1622 histrionem
1593 1597 1613 1627 9

131 1639 337 1680 exhibebat
371 1641 598 1680 concinente
636 1645 715 1680 tota
752 1640 912 1680 familia:
952 1647 1080 1689 μάδεια
1104 1647 1325 1690 περιμάδεια.
1386 1646 1421 1680 et
1458 1655 1544 1692 pro·
1571 1654 1614 1687 10

132 1698 249 1738 disset
288 1699 328 1738 in
370 1700 554 1748 medium,
595 1698 668 1738 nisi
712 1700 921 1738 Fortunata
963 1701 1010 1739 ad
1039 1713 1171 1739 aurem
1201 1700 1440 1748 accessisset3
1471 1700 1542 1749 [et]

132 1759 259 1806 credo,
287 1759 423 1798 dixerit
451 1772 531 1798 non
561 1759 694 1798 decere
723 1757 946 1809 gravitatem
974 1759 1055 1798 eius
1084 1764 1162 1798 tam
1182 1760 1347 1799 humiles
1366 1759 1542 1810 ineptias.

132 1817 227 1856 nihil
264 1823 394 1857 autem
434 1823 513 1857 tam
541 1817 741 1868 inaequale
770 1822 872 1865 erat;
902 1831 994 1856 nam
1022 1819 1138 1857 modo
1167 1819 1417 1858 Fortunatam
1445 1833 1542 1858 vere·
1571 1832 1612 1865 11

132 1877 258 1924 batur,
285 1878 402 1917 modo
431 1878 478 1916 ad
507 1882 685 1916 naturam
714 1889 824 1916 suam
853 1877 1123 1917 revertebatur.

239 1941 275 1975 et
315 1937 427 1987 plane
464 1935 717 1986 interpellavit
758 1935 971 1974 saltationis
1007 1935 1204 1975 libidinem
1234 1936 1439 1984 actuarius,
1479 1937 1543 1987 qui
1568 1943 1615 1980 53

134 1999 318 2045 tanquam
347 1995 453 2034 urbis
482 2000 566 2035 acta
593 1994 780 2034 recitavit:
811 1994 900 2034 ‘VIL
931 1994 1113 2034 kalendas
1133 1996 1304 2035 sextiles:
1330 1995 1370 2034 in
1390 1996 1543 2046 praedio
1593 2009 1613 2040 2

134 2053 322 2101 Cumano,
364 2055 466 2104 quod
503 2060 561 2094 est
598 2052 906 2101 Trimalchionis,
945 2054 1024 2093 nati
1052 2060 1142 2093 sunt
1172 2054 1276 2105 pueri
1296 2055 1412 2102 XXX,
1441 2056 1543 2105 puel-

133 2112 192 2152 lae
220 2113 303 2160 XL,
334 2114 484 2153 sublata
512 2114 551 2152 in
579 2114 764 2153 horreum
791 2126 839 2152 ex
866 2126 956 2152 area
975 2113 1086 2152 tritici
1107 2113 1223 2153 millia
1242 2114 1413 2153 modium
1435 2113 1542 2164 quin-

133 2177 269 2223 genta,
298 2173 415 2212 boves
443 2173 576 2212 domiti
605 2172 815 2223 quingenti.
872 2173 1007 2212 eodem
1037 2172 1114 2212 die:
1143 2172 1381 2212 Mithridates
1410 2186 1542 2212 servus
1591 2186 1611 2217 3

134 2230 173 2270 in
202 2244 356 2271 crucem
383 2237 490 2271 actus
519 2237 589 2279 est,
619 2230 707 2282 quia
735 2232 805 2271 Gai
825 2232 945 2270 nostri
965 2231 1076 2283 genio
1095 2232 1196 2271 male
1215 2231 1372 2271 dixerat.
1409 2233 1542 2271 eodem
1592 2244 1613 2276 4

135 2289 212 2330 die:
241 2291 282 2330 in
309 2304 438 2331 arcam
467 2292 629 2332 relatum
657 2296 726 2338 est,
756 2291 858 2341 quod
877 2291 1052 2330 collocari
1071 2304 1150 2330 non
1171 2292 1304 2342 potuit,
1325 2291 1542 2330 sestertium

135 2349 290 2390 centies.
347 2352 483 2391 eodem
511 2351 590 2390 die:
621 2350 841 2390 incendium
881 2350 1023 2389 factum
1052 2355 1109 2390 est
1137 2350 1177 2389 in
1219 2349 1340 2390 hortis
1382 2351 1542 2401 Pompe·

135 2407 245 2456 ianis,
275 2414 402 2449 ortum
436 2423 483 2450 ex
519 2409 677 2450 aedibus
715 2409 856 2449 Nastae
885 2409 1006 2449 vilici’.
1062 2409 1203 2460 ‘quid?'
1233 2409 1355 2460 inquit
1383 2409 1542 2448 Trimal·
1590 2420 1612 2452 6

1591 2361 1611 2392 0¹

243 2539 325 2582 θῇς.
352 2539 514 2583 capidem
539 2550 627 2584 quas
653 2551 680 2575 r.
706 2542 939 2584 patronorum
966 2549 1067 2574 meus
1093 2540 1141 2574 H.
1169 2559 1211 2564 —
1251 2540 1294 2573 27
1321 2539 1540 2574 fortunatam

135 2600 239 2625 suam
264 2592 510 2627 revertebatur
533 2593 641 2628 modo
667 2593 711 2628 ad
737 2595 903 2626 naturam
929 2593 976 2626 H.

206 2660 392 2695 Sammlung
410 2662 576 2696 vulgarlat.
591 2663 698 2690 Texte.
729 2664 753 2689 2.
1384 2662 1400 2688 2
