1732 2844
771 102 1004 138 ,4-

141 221 161 253 8
187 226 267 251 non
288 213 404 263 patris
424 212 586 252 familiae
615 212 821 251 triclinium
851 213 1036 251 crederes.
1093 212 1206 251 allata
1235 217 1291 252 est
1319 218 1446 252 tamen
1469 218 1592 264 gusta-

186 273 237 311 tio
275 272 381 311 valde
416 273 537 318 lauta;
575 285 666 310 nam
703 271 779 310 iam
819 284 954 309 omnes
991 271 1260 310 discubuerant
1290 278 1438 322 praeter
1466 273 1593 323 ipsum

140 341 159 372 9
188 331 524 378 Trimalchionem,
554 331 613 369 cui
640 331 747 369 locus
777 343 877 369 novo
906 343 1012 369 more
1041 331 1186 380 primus
1217 331 1450 370 servabatur.
1499 337 1594 370 cete-

186 404 273 430 rum
319 391 358 429 in
405 389 673 441 promulsidari
719 389 858 428 asellus
901 395 982 428 erat
1028 389 1248 428 Corinthius
1297 403 1384 429 cum
1431 390 1594 430 bisaccio

185 450 343 500 positus,
374 450 436 499 qui
464 450 630 488 habebat
659 449 776 487 olivas
797 448 836 486 in
856 449 974 487 altera
993 454 1099 498 parte
1118 449 1236 496 albas,
1257 449 1296 488 in
1316 450 1434 488 altera
1453 449 1592 500 nigras.
1643 458 1663 490 5

116 517 159 549 10
185 510 363 560 tegebant
401 509 561 548 asellum
603 510 700 547 duae
737 509 877 555 lances,
919 508 957 546 in
994 521 1155 557 quarum
1184 509 1422 559 marginibus
1450 522 1593 548 nomen

185 568 480 607 Trimalchionis
510 567 736 617 inscriptum
766 573 845 605 erat
874 572 910 606 et
939 567 1085 617 argenti
1114 569 1276 618 pondus.
1332 567 1515 618 ponticuli
1543 572 1594 607 et-

184 628 261 668 iarn
299 627 514 666 feruminati
556 626 798 665 sustinebant
835 626 947 676 glires
984 627 1096 665 melle
1133 640 1177 666 ac
1212 640 1398 677 papavere
1427 640 1593 678 sparsos.

114 695 156 726 11
185 687 338 726 fuerunt
367 692 403 725 et
432 686 622 725 tomacula
657 699 770 736 super
805 686 1026 724 craticulam
1059 691 1280 736 argenteam
1314 686 1497 726 ferventia
1530 699 1593 737 po-

186 747 268 793 sita,
298 752 333 785 et
360 746 459 785 infra
485 745 703 784 craticulam
733 745 885 795 Syriaca
914 759 1038 795 pruna
1067 758 1154 784 cum
1183 745 1311 795 granis
1331 746 1465 785 Punici
1491 746 1592 785 mali.
1622 757 1664 790 10

112 799 159 843 32
289 806 329 844 in
349 805 408 843 his
430 818 581 843 eramus
601 804 769 852 lautitiis,
791 818 879 844 cum
898 805 979 855 ipse
999 804 1230 843 Trimalchio
1250 805 1298 843 ad
1324 805 1594 855 symphoniam

183 866 318 904 allatus
347 870 402 903 est
432 864 653 914 positusque
681 864 779 902 inter
807 863 1002 902 cervicalia
1030 863 1288 902 minutissima
1316 864 1501 914 expressit
1526 865 1593 903 im-

138 932 158 962 2
185 925 437 975 prudentibus
475 924 607 962 risum.
663 923 776 973 pallio
814 923 917 962 enim
958 924 1134 962 coccineo
1173 925 1354 962 adrasum
1383 924 1594 963 excluserat

185 990 297 1034 caput
341 984 514 1033 circaque
554 988 732 1022 oneratas
770 988 872 1021 veste
915 982 1078 1021 cervices
1117 983 1343 1022 laticlaviam
1383 981 1594 1022 immiserat

137 1050 156 1081 3
185 1057 364 1094 mappam
394 1042 554 1081 fimbriis
582 1043 674 1081 hinc
701 1048 814 1092 atque
842 1042 944 1080 illinc
970 1042 1237 1093 pendentibus.
1293 1042 1461 1080 habebat
1479 1041 1594 1081 etiam
1621 1051 1663 1084 15

182 1103 221 1142 in
251 1102 411 1141 minimo
441 1102 554 1152 digito
585 1101 761 1141 sinistrae
786 1115 925 1140 manus
945 1102 1105 1140 anulum
1124 1103 1308 1152 grandem
1329 1102 1594 1149 subauratum,

184 1169 353 1201 extremo
394 1175 482 1200 vero
520 1162 677 1200 articulo
717 1161 821 1211 digiti
850 1161 1044 1210 sequentis
1072 1161 1273 1208 minorem,
1302 1166 1344 1200 ut
1372 1160 1467 1199 mihi
1495 1161 1618 1200 vide--

183 1223 307 1269 batur,
348 1227 470 1260 totum
510 1234 682 1268 aureum,
726 1222 792 1260 sed
834 1221 946 1271 plane
974 1220 1103 1259 ferreis
1142 1221 1254 1259 veluti
1292 1220 1408 1259 stellis
1442 1221 1592 1259 ferumi-

136 1289 157 1320 4
182 1288 328 1321 natum.
385 1286 421 1320 et
449 1294 499 1319 ne
526 1281 597 1319 has
626 1286 777 1319 tantum
806 1281 1023 1319 ostenderet
1051 1279 1211 1327 divitias,
1241 1281 1418 1319 dextrum
1437 1280 1593 1319 nudavit

182 1343 365 1380 lacertum
394 1341 541 1379 armilla
569 1353 685 1379 aurea
713 1341 857 1379 cultum
886 1345 921 1379 et
947 1339 1086 1378 eboreo
1106 1339 1245 1378 circulo
1264 1339 1450 1378 lammina
1469 1340 1592 1390 splen·
1618 1350 1663 1383 20

111 1402 158 1438 33
183 1402 296 1440 dente
325 1413 484 1439 conexo.
541 1405 582 1439 ut
611 1399 746 1438 deinde
771 1399 891 1450 pinna
910 1404 1090 1449 argentea
1109 1400 1242 1437 dentes
1261 1399 1434 1448 perfodit,
1455 1398 1591 1437 ‘amici'

182 1460 306 1510 inquit
335 1461 524 1498 ‘nondum
545 1459 639 1497 mihi
660 1472 775 1498 suave
804 1464 884 1498 erat
912 1459 951 1497 in
972 1458 1177 1497 triclinium
1197 1458 1338 1506 venire,
1358 1459 1425 1497 sed
1444 1472 1494 1497 ne
1513 1458 1591 1497 diu-

182 1519 255 1558 tius
294 1519 512 1558 absentivos
546 1532 677 1558 morae
714 1518 821 1557 vobis
859 1531 998 1567 essem,
1036 1531 1191 1556 omnem
1229 1518 1460 1567 voluptatem
1497 1516 1592 1556 mihi

135 1587 155 1618 2
182 1579 326 1629 negavi.
383 1578 608 1629 permittetis
637 1584 766 1617 tamen
794 1577 894 1616 finiri
926 1578 1079 1616 lusum'.
1136 1577 1365 1626 sequebatur
1384 1590 1479 1628 puer
1504 1590 1591 1616 cum

182 1639 310 1677 tabula
339 1637 595 1677 terebinthina
624 1643 660 1676 et
688 1637 914 1687 crystallinis
952 1636 1119 1683 tesseris,
1154 1636 1357 1686 notavique
1395 1650 1476 1675 rem
1513 1649 1591 1675 om·
1617 1645 1661 1677 25

181 1698 289 1736 nium
319 1697 640 1736 delicatissimam.
697 1711 766 1748 pro
794 1697 946 1736 calculis
976 1697 1078 1735 enim
1107 1696 1203 1735 albis
1231 1709 1275 1735 ac
1303 1695 1420 1746 nigris
1454 1709 1591 1736 aureos

134 1765 154 1796 3
183 1763 460 1808 argenteosque
487 1758 654 1796 habebat
682 1757 871 1796 denarios.
928 1755 1081 1795 interim
1110 1757 1202 1794 dum
1230 1756 1292 1794 ille
1320 1755 1494 1794 omnium
1512 1761 1589 1795 tex-

182 1823 312 1856 torum
341 1817 439 1856 dicta
467 1817 565 1856 inter
594 1817 723 1856 lusum
752 1815 956 1863 consumit,
986 1815 1228 1866 gustantibus
1257 1816 1382 1854 adhuc
1401 1815 1513 1854 nobis
1532 1829 1588 1855 re·

182 1876 408 1927 positorium
437 1877 592 1915 allatum
621 1881 678 1915 est
707 1889 794 1915 cum
823 1877 949 1923 corbe,
970 1875 1011 1914 in
1031 1888 1106 1925 quo
1126 1875 1265 1925 gallina
1283 1879 1363 1914 erat
1380 1875 1508 1925 lignea
1526 1889 1589 1925 pa-

181 1935 349 1975 tentibus
387 1936 427 1974 in
463 1937 594 1975 orbem
633 1935 714 1983 alis,
745 1936 876 1985 quales
904 1948 988 1974 esse
1017 1935 1141 1973 solent
1170 1948 1266 1984 quae
1294 1934 1478 1973 incubant
1507 1941 1589 1975 ova.'
1615 1943 1661 1976 30

134 2004 156 2035 4
182 2009 376 2035 accessere
406 1996 587 2035 continuo
617 1997 692 2034 duo
713 1995 811 2034 servi
831 2000 866 2034 et
887 1995 1117 2046 symphonia
1136 1999 1328 2044 strepente
1347 1994 1508 2034 scrutari
1526 2009 1589 2045 pa-

181 2056 278 2094 leam
310 2060 517 2106 coeperunt
536 2060 719 2105 erutaque
745 2055 908 2094 subinde
928 2055 1119 2105 pavonina
1139 2067 1209 2093 ova
1229 2053 1389 2092 divisere
1408 2053 1587 2094 convivis.

135 2122 156 2153 5
183 2115 367 2154 convertit
387 2116 435 2154 ad
454 2116 556 2154 hanc
576 2128 756 2153 scaenam
785 2114 1016 2153 Trimalchio
1046 2114 1193 2152 vultum
1222 2119 1258 2152 et
1278 2113 1413 2152 ‘amici'
1443 2113 1494 2152 ait
1513 2115 1587 2164 ‘pa-

181 2175 289 2213 vonis
319 2188 390 2213 ova
418 2174 579 2225 gallinae
607 2174 701 2213 iussi
730 2174 906 2225 supponi.
963 2179 998 2213 et
1027 2174 1264 2212 mehercules
1293 2172 1408 2212 timeo
1437 2186 1486 2212 ne
1511 2173 1589 2212 iam

134 2242 154 2272 6
182 2234 355 2284 concepti
383 2233 477 2281 sint3
507 2239 739 2284 temptemus
768 2240 910 2281 tamen,
932 2234 963 2272 si
983 2234 1108 2272 adhuc
1128 2232 1282 2271 sorbilia
1301 2233 1416 2272 sunt’.
1455 2232 1587 2283 accipi·
1613 2243 1657 2274 35

181 2307 267 2331 mus
298 2307 368 2332 nos
399 2293 582 2332 coclearia
611 2306 689 2332 non
718 2293 846 2332 minus
876 2293 1034 2332 selibras
1063 2291 1268 2343 pendentia
1297 2304 1443 2341 ovaque
1471 2304 1517 2330 ex
1537 2292 1588 2331 fa—

287 2437 308 2469 8
333 2447 367 2470 u.
389 2437 432 2471 18
457 2437 608 2471 serrum·
626 2437 729 2471 HL*
748 2456 789 2460 —
818 2438 838 2471 9
862 2437 1086 2479 t(h)umatula
1104 2438 1187 2470 HL.
1209 2455 1249 2459 -—
1279 2436 1322 2470 12
1348 2436 1587 2471 munitissima

180 2490 284 2523 HBr.
308 2501 414 2533 yeyen
432 2491 474 2523 L.
504 2511 547 2515 —-
574 2491 614 2524 ⁶21
644 2501 847 2525 connexum
872 2492 954 2524 HL.
981 2511 1025 2515 —-
1051 2491 1096 2524 23
1121 2489 1250 2524 absens
1275 2500 1397 2524 morae
1422 2490 1523 2537 vobis
1549 2490 1593 2524 H

182 2554 241 2576 cor
266 2543 398 2584 venire,
435 2544 522 2586 fehlt
551 2546 590 2577 in
617 2545 659 2578 L.
688 2563 730 2568 -——
766 2544 809 2578 27
842 2546 1016 2578 testorum
1050 2544 1138 2577 ohne
1172 2543 1265 2577 dicta
1290 2544 1333 2577 L.
1362 2564 1402 2569 —
1435 2544 1480 2577 35
1506 2553 1586 2576 con-

180 2599 280 2640 cepta
306 2597 348 2630 L.
