1732 2844
745 140 976 177 „g—

82 262 124 294 16
152 253 323 300 debatur,
354 266 469 303 quam
489 252 624 302 aliquis
644 252 684 290 in
705 252 797 290 cella
824 251 952 290 habet.
995 251 1209 301 phantasia,
1231 264 1310 289 non
1330 251 1459 290 homo.
1508 250 1562 290 in-

151 312 299 351 clinatis
337 325 488 362 quoque
525 312 639 350 rebus
678 311 771 359 suis,
810 324 896 349 cum
935 311 1085 349 timeret
1124 323 1172 349 ne
1209 310 1414 349 creditores
1455 310 1562 349 illum

151 371 380 411 conturbare
400 371 673 417 existimarent,
694 371 768 409 hoc
788 370 894 409 titulo
915 370 1132 409 auctionem
1153 368 1390 420 proscripsit:
1414 370 1483 408 “C.
1506 370 1563 408 Iu-

149 431 223 470 lius
250 431 436 470 Proculus
465 431 681 469 auctionem
709 429 819 468 faciet
847 442 975 467 rerum
1005 429 1368 479 supervacuarum''.

79 493 125 529 39
258 489 509 540 interpellavit
534 495 613 528 tam
642 489 771 527 dulces
790 489 938 527 fabulas
958 488 1211 534 Trimalchi03
1233 502 1324 526 narn
1345 488 1420 526 iam
1441 488 1560 527 subla-

151 555 233 588 tum
262 555 342 589 erat
369 550 567 595 ferculum,
595 548 813 597 hilaresque
842 548 1022 586 convivae
1050 548 1138 586 vino
1159 548 1479 597 sermonibusque
1498 560 1559 597 pu-

104 618 124 648 2
150 609 296 648 blicatis
326 621 482 659 operam
517 612 722 658 coeperant
751 608 852 646 dare.
910 607 941 645 is
971 620 1060 657 ergo
1090 607 1295 645 reclinatus
1324 607 1362 645 in
1393 607 1560 645 cubitum

151 669 238 707 ‘hoc
275 668 419 706 vinum'
459 667 580 716 inquit
618 670 699 705 ‘vos
739 672 886 716 oportet
924 679 1040 704 suave
1068 666 1224 704 faciatis.
1282 666 1404 716 pisces
1433 672 1561 704 natare

104 736 123 767 3
151 733 310 778 oportet.
368 740 473 776 rogo,
511 739 573 764 me
611 725 751 776 putatis
780 726 842 764 illa
878 739 972 764 cena
1000 738 1084 764 esse
1113 731 1350 772 contentum,
1381 739 1495 775 quam
1522 724 1561 762 in
1594 769 1596 771 ,

781 787 803 802 Η

151 788 262 826 theca
296 785 509 836 repositorii
549 785 751 824 videratis?
808 784 861 823 sic
891 790 1007 823 notus
1037 784 1217 823 Vlixes?''
1249 784 1338 834 quid
1367 798 1455 834 ergo
1484 787 1561 822 est?

104 854 124 886 4
152 851 299 897 oportet
329 845 442 884 etiam
472 845 571 883 inter
601 845 819 883 cenandum
849 844 1093 894 philologiam
1114 857 1241 883 nosse.
1297 849 1458 894 patrono
1474 856 1561 882 meo

151 919 239 945 ossa
267 906 366 944 bene
395 905 606 954 quiescant,
628 904 693 953 qui
712 917 774 942 me
794 902 994 941 hominem
1014 904 1114 942 inter
1132 903 1312 942 homines
1333 903 1449 941 voluit
1465 915 1560 941 esse.

152 979 243 1004 nam
273 964 367 1003 mihi
396 964 492 1002 nihil
521 963 609 1002 novi
639 968 764 1013 potest
783 963 919 1009 afferri,
941 963 1038 1001 sicut
1057 963 1119 1001 ille
1138 963 1316 1001 fericulus
1337 962 1413 1001 iam
1433 962 1563 1000 habuit

104 1032 124 1063 5
151 1025 312 1075 praxim.
369 1025 496 1062 caelus
534 1023 610 1070 hic,
639 1023 680 1060 in
709 1035 784 1072 quo
814 1023 1014 1061 duodecim
1044 1022 1093 1060 dii
1122 1023 1310 1069 habitant,
1340 1022 1380 1060 in
1408 1021 1563 1060 totidem

152 1097 192 1123 se
221 1084 361 1134 figuras
391 1081 587 1129 convertit,
619 1088 654 1120 et
680 1082 794 1120 modo
815 1082 855 1120 fit
888 1081 998 1120 aries.
1055 1082 1183 1131 itaque
1203 1081 1376 1131 quisquis
1397 1080 1563 1120 nascitur

151 1144 214 1182 illo
243 1143 365 1193 signo,
402 1143 522 1181 multa
559 1154 698 1192 pecora
725 1141 853 1188 habet,
883 1142 1048 1179 multum
1076 1142 1200 1188 lanae,
1230 1145 1343 1191 caput
1371 1145 1563 1191 praeterea

152 1204 304 1249 durum,
346 1202 511 1240 frontem
550 1201 839 1250 expucloratam,
879 1213 1041 1239 cornum
1079 1206 1246 1239 acutum.
1305 1199 1456 1250 plurimi
1489 1199 1564 1237 hoc

105 1272 124 1303 6
152 1262 261 1312 signo
290 1259 506 1300 scholastici
535 1265 747 1302 nascuntur
776 1265 812 1298 et
841 1259 1014 1298 arietilli’.
1071 1261 1272 1298 laudamus
1307 1258 1563 1297 urbanitatem

150 1320 427 1367 mathematici3
469 1320 596 1369 itaque
633 1318 786 1358 adiecit:
827 1318 976 1357 ‘deinde
1014 1324 1115 1357 totus
1152 1319 1278 1357 caelus
1308 1319 1479 1357 taurulus
1509 1317 1560 1356 fit.

151 1381 277 1430 itaque
306 1385 398 1418 tunc
427 1378 613 1418 calcitrosi
634 1383 845 1417 nascuntur
865 1383 901 1416 et
921 1378 1076 1416 bubulci
1096 1383 1133 1417 et
1153 1378 1217 1427 qui
1238 1391 1278 1416 se
1297 1377 1367 1428 ipsi
1386 1382 1561 1427 pascunt.

106 1450 123 1481 7
151 1441 192 1479 in
220 1439 383 1491 geminis
411 1443 539 1478 autem
569 1443 781 1476 nascuntur
811 1437 919 1487 bigae
939 1443 975 1476 et
996 1438 1112 1476 boves
1133 1443 1168 1476 et
1189 1437 1283 1476 colei
1303 1442 1338 1475 et
1357 1437 1421 1486 qui
1442 1442 1563 1475 utros·

106 1508 125 1540 8
153 1513 225 1549 que
253 1499 414 1550 parietes
441 1498 580 1536 linunt.
623 1497 663 1535 in
693 1510 831 1535 cancro
860 1509 930 1546 ego
959 1502 1073 1535 natus
1103 1510 1201 1536 sum.
1249 1497 1332 1535 ideo
1352 1495 1482 1535 multis
1502 1509 1563 1546 pe-

152 1559 263 1598 dibus
293 1564 364 1605 sto,
394 1564 431 1597 et
458 1557 498 1596 in
527 1557 624 1595 mari
653 1561 687 1595 et
717 1556 756 1594 in
780 1562 880 1595 terra
898 1557 1019 1595 multa
1039 1557 1236 1606 possideo3
1259 1569 1349 1594 nam
1370 1569 1508 1594 cancer
1528 1561 1564 1594 et

151 1620 225 1657 hoc
253 1624 289 1657 et
317 1618 403 1656 illoc
431 1617 604 1667 quadrat.
661 1621 697 1654 et
724 1615 811 1654 ideo
839 1615 916 1654 iam
944 1616 1090 1654 dudum
1119 1615 1213 1654 nihil
1241 1628 1354 1665 super
1373 1615 1480 1654 illum
1501 1628 1564 1665 po·

105 1687 125 1718 9
152 1679 222 1726 sui,
253 1691 302 1716 ne
330 1677 503 1728 genesim
531 1689 658 1714 meam
679 1688 905 1727 premerem.
961 1675 999 1713 in
1020 1676 1130 1714 leone
1151 1676 1382 1725 cataphagae
1403 1687 1564 1714 nascun-
1591 1686 1599 1695 ⁸

83 1746 126 1778 10
152 1744 213 1777 tur
243 1743 279 1776 et
307 1736 521 1788 imperiosi;
551 1736 590 1773 in
619 1735 764 1785 virgine
791 1735 971 1774 mulieres
1001 1740 1036 1773 et
1064 1734 1209 1785 fugitivi
1229 1740 1265 1773 et
1285 1733 1504 1785 compediti3
1525 1734 1565 1772 in

84 1805 124 1836 11
151 1798 248 1836 libra
275 1797 451 1835 laniones
480 1801 516 1834 et
545 1795 789 1845 unguentarii
817 1800 854 1833 et
883 1794 1100 1844 quicunque
1120 1794 1260 1844 aliquid
1280 1794 1505 1844 expediunt;
1525 1793 1566 1832 in

153 1857 354 1907 scorpione
383 1854 578 1895 venenarii
608 1860 644 1894 et
672 1867 936 1905 percussores3
967 1854 1006 1892 in
1036 1854 1229 1904 sagittario
1259 1855 1472 1902 strabones,
1501 1853 1566 1903 qui

83 1923 126 1955 12
152 1917 285 1955 holera
314 1920 499 1966 spectant,
528 1915 680 1953 lardum
709 1915 865 1961 tollunt3
896 1914 935 1952 in
965 1914 1189 1964 capricorno
1223 1913 1455 1961 aerumnosi,
1486 1911 1567 1962 qui-

152 1976 226 2014 bus
255 1988 345 2025 prae
374 1976 475 2014 mala
504 1988 573 2013 sua
602 1987 747 2013 cornua
767 1979 996 2021 nascuntur;
1018 1973 1056 2011 in
1078 1973 1236 2023 aquario
1256 1986 1424 2023 copones
1444 1978 1480 2011 et
1505 1985 1566 2011 cu-

84 2042 125 2073 13
154 2035 340 2082 curbitae3
369 2034 410 2073 in
430 2034 598 2084 piscibus
620 2035 872 2072 obsonatores
901 2039 938 2072 et
966 2034 1151 2072 rhetores.
1195 2032 1248 2071 sic
1277 2032 1380 2071 orbis
1409 2031 1567 2071 vertitur

153 2100 337 2144 tanquam
366 2095 480 2140 mola,
511 2099 547 2132 et
576 2106 726 2144 semper
755 2093 896 2142 aliquid
925 2092 1015 2131 mali
1034 2092 1133 2140 facit,
1154 2098 1195 2131 ut
1213 2092 1392 2130 homines
1412 2097 1476 2131 aut
1503 2105 1567 2130 na-

85 2160 128 2192 14
155 2160 310 2193 scantur
339 2160 403 2193 aut
431 2158 600 2204 pereant.
650 2154 751 2203 quod
780 2158 909 2191 autem
938 2152 978 2190 in
1006 2152 1133 2191 medio
1154 2151 1360 2201 caespitem
1377 2151 1510 2190 videtis
1531 2155 1568 2189 et

86 2220 128 2251 15
155 2227 272 2264 supra
300 2213 506 2263 caespitem
535 2213 676 2260 favum,
706 2212 802 2250 nihil
831 2212 913 2250 sine
939 2211 1087 2251 ratione
1107 2211 1215 2250 facio.
1253 2216 1352 2250 terra
1369 2216 1492 2249 mater
1511 2214 1568 2248 est

154 2273 194 2311 in
223 2273 349 2312 medio
379 2272 487 2322 quasi
518 2286 633 2311 ovum
663 2273 947 2319 corrotundata,
977 2277 1013 2311 et
1043 2271 1172 2310 omnia
1200 2271 1303 2309 bona
1331 2270 1370 2308 in
1390 2283 1432 2309 se
1450 2269 1568 2308 habet

156 2337 342 2382 tanquam
371 2333 504 2371 favus'.

83 2391 130 2427 40
261 2392 430 2442 ‘sophos’
459 2390 628 2430 universi
657 2392 868 2430 clamamus
898 2396 933 2429 et
962 2390 1120 2429 sublatis
1145 2389 1325 2428 manibus
1362 2389 1409 2427 ad
1444 2400 1570 2436 camaff

155 2464 239 2490 ram
266 2450 439 2489 iuramus
469 2451 734 2501 Hipparchum
762 2450 1002 2500 Aratumque
1021 2450 1301 2500 comparandos
1320 2447 1371 2486 illi
1389 2447 1570 2486 homines

266 2580 307 2614 13
333 2579 539 2614 fericulusta
564 2579 636 2613 mel
661 2581 710 2623 H,
745 2579 913 2614 fericulus
939 2579 1047 2613 talem
1073 2580 1217 2614 Stzcder.
1244 2599 1287 2603 —
1323 2578 1366 2612 18
1391 2576 1493 2612 arieti
1518 2575 1569 2610 illi

155 2633 205 2668 H.
233 2651 275 2657 —
303 2633 347 2666 32
373 2633 466 2666 male
493 2633 748 2668 Friedlccnder.

1589 791 1633 823 10

1590 1087 1633 1119 15

1590 1385 1634 1418 20

1592 1978 1638 2010 30
