1737 2823
102 756 146 788 10

100 1051 143 1084 15

96 1347 142 1380 20

96 1646 140 1678 25

93 1941 140 1973 30

93 2241 140 2273 85

870 107 890 117 ,-

767 129 808 133 --
874 119 885 144 J
953 130 994 134 .-

172 230 287 263 nunc,
329 230 398 256 nec
437 217 526 267 quid
568 231 637 256 nec
674 230 804 267 quare,
844 217 879 255 in
921 218 1066 256 caelum
1101 217 1191 256 abiit
1221 224 1256 256 et
1286 218 1578 258 Trimalchionis

171 281 327 327 topanta
355 282 423 316 cst.
481 277 528 315 ad
558 289 763 323 summam,
795 289 901 314 mero
921 276 1077 316 meridie
1106 277 1137 315 si
1165 277 1300 315 dixerit
1331 277 1380 316 illi
1403 279 1579 318 tenebras

169 348 266 382 esse,
297 336 435 375 credet.
492 336 572 386 ipse
610 335 728 374 nescit
768 335 857 385 quid
896 336 1046 381 lrabeat,
1085 336 1179 374 adeo
1209 336 1379 386 saplutus
1409 343 1482 383 est;
1512 339 1578 377 sed

169 394 264 433 haec
292 395 454 445 lupatria
481 394 651 445 providet
666 394 796 432 omnia
815 400 850 432 et
871 394 935 432 ubi
957 407 1033 433 non
1056 400 1176 445 putes.
1225 401 1282 434 est
1307 396 1417 442 sicca,
1439 397 1577 442 sobria,

172 454 360 493 bonorum
391 453 638 492 consiliorum
669 453 836 501 [tantum
867 454 947 491 auri
978 454 1112 501 vides],
1143 460 1199 492 est
1220 460 1346 493 tamen
1370 455 1492 494 malae
1512 455 1577 493 lin-

173 525 277 562 guae,
298 513 380 564 pica
400 513 620 563 pulvinaris.
678 526 792 562 quem
812 519 927 553 amat.
947 519 1071 559 a1nat;
1102 526 1215 562 quom
1246 527 1324 552 non
1355 516 1470 561 amat,
1499 528 1576 553 non
1628 522 1647 554 8

173 578 283 611 amat.
313 572 394 623 ipse
404 572 638 611 Trimalchio
650 572 788 611 fundos
803 572 930 619 habet,
949 585 1023 621 qua
1040 572 1141 610 milvi
1161 572 1300 618 volant,
1330 586 1577 612 nummorum

173 643 361 670 nummos.
418 637 620 681 argentum
649 631 687 670 in
717 631 859 670 ostiarii
879 631 978 670 illius
998 631 1090 670 cella
1110 632 1194 681 plus
1215 631 1321 679 iacet,
1344 645 1459 681 quam
1480 632 1578 681 quis-

172 702 284 739 quam
304 691 342 728 in
364 691 526 729 fortunis
554 691 682 730 habet.
731 691 871 729 familia
900 703 988 729 vero
1017 691 1139 729 babae
1168 691 1302 737 babae,
1332 703 1411 730 non
1430 691 1577 730 meher—
1629 700 1647 730 9

171 749 270 788 cules
298 755 390 800 puto
419 751 621 790 decumam
651 756 796 801 partem
825 763 909 789 esse
939 763 1035 799 quae
1063 749 1264 788 dominum
1284 763 1399 788 suum
1418 750 1576 789 noverit.

170 808 217 847 ad
247 821 448 856 summam,
478 810 650 859 quemvis
679 822 725 848 ex
754 809 835 848 istis
865 809 1078 847 babaecalis
1108 809 1146 847 in
1177 814 1283 847 rutac
1311 809 1442 848 folium
1477 809 1577 848 coni·
1606 817 1648 848 10

170 867 253 906 ciet.
306 882 376 907 nec
405 874 462 908 est
490 870 593 919 quod
620 874 731 919 putes
759 869 866 907 illum
895 868 1100 918 quicquam
1129 881 1267 907 emere.
1324 868 1455 907 omnia
1474 869 1576 907 domi
1603 873 1648 908 35

170 934 396 967 nascuntur:
424 929 526 977 lana,
555 929 722 975 credrae‚
752 928 870 979 piper,
898 928 995 967 lacte
1021 927 1271 978 gallinaceum
1299 927 1330 966 si
1357 928 1577 977 quaesieris,

169 985 351 1026 invenies.
407 988 454 1026 ad
483 1000 690 1034 summam,
719 1000 855 1037 parum
874 986 926 1026 illi
945 987 1048 1025 bona
1065 987 1154 1025 lana
1174 987 1421 1033 nascebatur;
1442 986 1578 1025 arietes
1628 996 1647 1026 2

169 1059 191 1084 a
211 1045 376 1086 Tarento
404 1046 506 1093 emit,
536 1052 572 1085 et
600 1059 665 1085 eos
686 1046 822 1085 culavit
850 1046 888 1084 in
918 1059 1084 1096 gregem.
1130 1045 1207 1084 mel
1225 1046 1394 1084 Atticum
1414 1051 1455 1084 ut
1474 1046 1578 1084 domi
1627 1054 1645 1085 :3

169 1111 400 1153 nasceretur,
436 1118 528 1156 apes
557 1106 605 1144 ab
633 1105 797 1144 Athenis
825 1105 935 1144 iussit
963 1104 1107 1152 afferri;
1139 1104 1260 1143 obiter
1289 1110 1324 1144 et
1353 1105 1577 1144 vernaculae

169 1177 266 1214 quae
304 1171 403 1211 sunt,
442 1165 688 1203 meliusculae
716 1178 738 1203 a
767 1165 961 1204 Graeculis
996 1164 1099 1203 fient.
1155 1176 1242 1202 ecce
1270 1164 1369 1203 intra
1396 1165 1469 1203 hos
1497 1164 1577 1203 dies
1627 1173 1647 1204 4

168 1223 329 1274 scripsit,
350 1230 389 1263 ut
409 1224 460 1263 illi
481 1237 527 1263 ex
547 1224 655 1263 India
673 1237 805 1263 semen
826 1224 1041 1263 boletorum
1060 1223 1285 1262 mitteretur.
1321 1237 1412 1262 nam
1432 1223 1577 1263 mulam

168 1282 324 1332 quidem
354 1284 497 1323 nullam
527 1284 655 1331 habet,
685 1297 782 1334 quae
811 1297 890 1322 non
919 1297 967 1322 ex
994 1296 1138 1334 onagro
1168 1288 1258 1322 nata
1286 1283 1344 1322 sit.
1387 1283 1490 1321 vides
1519 1288 1578 1322 tot
1626 1292 1646 1322 5

168 1342 365 1382 culcitras:
395 1344 498 1382 nulla
526 1356 606 1382 non
635 1349 700 1382 aut
728 1343 983 1393 cochyliatum
1011 1348 1076 1382 aut
1105 1342 1325 1382 coccineum
1362 1347 1577 1381 tomentum

167 1402 294 1441 habet.
351 1408 456 1442 tanta
492 1408 549 1442 est
586 1402 705 1442 animi
742 1403 947 1442 beatitudo.
1004 1402 1170 1452 reliquos
1207 1407 1335 1441 autem
1363 1401 1576 1441 collibertos
1626 1411 1645 1442 6

168 1460 248 1500 eius
287 1474 377 1501 cave
411 1467 648 1501 contemnas.
705 1462 813 1501 valde
842 1461 989 1501 sucossi
1018 1467 1120 1501 sunt.
1177 1460 1281 1500 vides
1309 1461 1415 1499 illum
1445 1461 1507 1510 qui
1536 1461 1575 1499 in
1627 1469 1644 1501 7

167 1520 244 1559 imo
281 1520 382 1560 imus
418 1521 622 1560 recumbit:
660 1521 774 1560 hodie
803 1535 873 1560 sua
901 1521 1119 1571 octingenta
1146 1521 1325 1571 possidet.
1382 1521 1428 1559 de
1457 1519 1576 1559 nihilo

167 1579 294 1619 crevit.
350 1581 466 1620 modo
492 1581 648 1630 ¹solebat
683 1581 778 1620 collo
817 1594 887 1620 suo
923 1580 1026 1631 ligna
1062 1586 1226 1631 portare.
1282 1580 1348 1618 sed
1384 1580 1576 1629 quomodo
1626 1587 1646 1619 8

166 1639 298 1678 dicunt
327 1664 374 1669 —
407 1653 476 1690 ego
504 1640 600 1679 nihil
628 1640 719 1687 scio,
749 1641 816 1679 sed
844 1640 971 1678 audivi
1000 1663 1047 1668 —
1079 1652 1195 1689 quom
1216 1639 1401 1678 Incuboni
1421 1639 1576 1689 pilleum

166 1698 366 1749 rapuisset,
397 1699 467 1747 [et]
497 1700 721 1738 thesaurum
749 1699 905 1738 invenit.
962 1712 1034 1750 ego
1063 1699 1208 1737 nemini
1236 1698 1399 1745 invideo,
1428 1698 1459 1736 si
1486 1698 1576 1747 quid

165 1758 259 1796 deus
288 1757 401 1797 dedit.
457 1763 515 1797 est
543 1764 670 1797 tamen
701 1758 887 1808 subalapo
915 1763 951 1797 et
980 1771 1060 1796 non
1088 1758 1168 1796 vult
1196 1758 1268 1796 sibi
1295 1758 1406 1796 male.
1450 1757 1576 1807 itaque
1626 1765 1645 1796 9

166 1816 338 1867 proxime
375 1830 504 1856 casam
538 1818 613 1856 hoc
649 1817 757 1856 titulo
785 1817 1024 1868 proscripsit:
1055 1817 1123 1856 “C.
1153 1817 1359 1868 Pompeius
1387 1816 1576 1867 Diogenes
1604 1824 1648 1856 10

165 1889 212 1914 ex
241 1877 413 1916 kalendis
450 1877 554 1916 Iuliis
591 1877 817 1916 cenaculum
853 1878 971 1924 locat3
1009 1877 1090 1927 ipse
1124 1877 1227 1915 enim
1257 1877 1416 1915 domum
1444 1875 1574 1915 emit''.

166 1935 257 1985 quid
293 1936 354 1975 ille
391 1936 455 1986 qui
493 1937 660 1975 libertini
695 1937 778 1975 loco
813 1936 921 1984 iacet,
951 1949 1067 1986 quarn
1096 1937 1194 1974 bene
1224 1948 1265 1974 se
1292 1935 1438 1974 habuit.
1496 1948 1574 1974 non
1604 1943 1643 1974 11

164 1994 382 2046 impropero
410 1996 473 2035 illi.
529 1996 746 2035 sestertium
775 2009 890 2034 suum
918 1995 1009 2034 vidit
1036 1994 1173 2042 decies,
1202 1995 1270 2034 sed
1296 1995 1396 2033 male
1431 1994 1576 2033 vacilla-
1603 2002 1645 2034 12

165 2054 228 2093 vit.
270 2067 349 2093 non
378 2060 471 2106 puto
498 2054 605 2094 illum
633 2055 788 2106 capillos
813 2055 955 2094 liberos
983 2055 1137 2102 habere,
1160 2067 1230 2093 nec
1249 2054 1487 2093 mehercules
1507 2067 1576 2093 sua

165 2114 292 2164 culpa;
322 2114 406 2165 ipso
434 2115 538 2154 enim
564 2115 684 2154 homo
712 2114 846 2154 melior
873 2128 953 2154 non
974 2120 1048 2161 est;
1079 2115 1145 2152 sed
1164 2113 1288 2152 liberti
1308 2113 1491 2159 scelerati,
1513 2113 1576 2163 qui

166 2173 296 2212 omnia
324 2174 373 2213 ad
401 2187 443 2212 se
470 2174 652 2213 fecerunt.
709 2173 803 2213 scito
832 2179 978 2213 autem:
1008 2174 1200 2213 sociorum
1230 2173 1303 2212 olla
1327 2172 1427 2211 male
1446 2173 1576 2219 fervet,
1603 2179 1644 2211 13

166 2238 202 2271 et
239 2232 304 2272 ubi
341 2233 460 2272 semel
498 2246 559 2273 res
593 2233 774 2272 inclinata
802 2239 871 2281 est,
891 2233 1003 2273 amici
1031 2234 1078 2272 de
1106 2233 1244 2272 medio.
1300 2238 1337 2272 et
1365 2245 1480 2282 quam
1508 2232 1577 2270 ho·
1604 2238 1646 2270 14

165 2297 316 2331 nestam
345 2293 643 2343 negotiationem
684 2293 862 2341 exercuit,
893 2294 996 2343 quod
1023 2293 1129 2332 illum
1158 2292 1212 2332 sic
1240 2291 1359 2331 vides.
1414 2291 1575 2330 libitina-
1603 2296 1645 2328 15

166 2350 244 2390 rius
282 2351 362 2391 fuit.
417 2352 564 2392 solebat
592 2352 646 2391 sic
674 2365 823 2400 cenare,
853 2353 1046 2403 quomodo
1075 2365 1162 2391 rex:
1192 2365 1305 2402 apros
1334 2355 1574 2401 gausapatos,

165 2423 282 2460 opera
308 2411 478 2462 pistoria,
507 2411 600 2460 avis,
631 2425 755 2459 cocos,
785 2411 959 2463 pistores.
1006 2412 1092 2462 plus
1114 2411 1191 2450 vini
1211 2412 1282 2450 sub
1303 2423 1438 2450 mensa
1457 2410 1574 2448 effun-

1628 231 1648 436 *10:5¹3*

276 2541 318 2575 13
345 2542 471 2577 cedrae
488 2543 553 2577 Br.
579 2543 718 2586 frither.
747 2562 789 2566 —
816 2543 861 2577 25
887 2552 995 2586 quom
1007 2541 1034 2584 ?]
1061 2540 1242 2585 quomodo
1260 2541 1309 2574 H.
1331 2560 1373 2564 —
1406 2539 1450 2572 26
1477 2537 1572 2582 quid]

168 2604 239 2638 quo
261 2595 306 2638 H,
333 2595 427 2639 quod
448 2596 613 2639 Scheffer.
633 2615 675 2619 --
703 2596 747 2630 :27
771 2595 838 2630 sub
856 2595 959 2639 alapa
977 2594 1101 2629 HB›·.*
1124 2613 1168 2618 ——
1196 2593 1241 2627 28
1266 2593 1398 2635 casani]
1426 2602 1506 2625 cum
1525 2591 1574 2625 H.
