1737 2823
798 130 839 133 --
899 110 948 144 31)
1009 130 1051 134 „m

219 218 274 264 (n.
310 219 451 265 1—20)
487 219 620 256 slehen
654 231 784 261 voran,
824 219 922 256 nach
953 219 1192 268 Miaglichkeit
1229 220 1394 258 >fac-lilioli
1432 223 1624 270 gcordnct.

218 277 362 316 ebenso
392 278 463 316 wie
492 278 550 316 die
580 277 838 327 prosaisclien.
882 277 1018 315 Hinter
1045 278 1273 316 unsicheren
1296 280 1498 330 Lesungen
1528 282 1627 319 >teht

218 336 278 375 ein
310 336 598 387 Fragczeichen.
633 360 676 363 —
723 337 798 374 Ffir
842 337 1075 374 sreundliclie
1110 337 1372 388 Mitteilungcn
1413 339 1464 377 sci
1501 340 1625 377 Hei-rii

218 395 282 434 Dr.
316 396 419 433 117le
448 396 485 434 in
515 395 634 433 Turin
666 395 821 433 bestens
850 396 1026 445 gedankt.

246 547 279 582 1.
311 543 399 581 CIL.
429 542 490 589 IV,
525 543 637 581 1824.
681 541 721 580 C.
744 542 784 581 Ε.
808 543 897 581 947.
940 542 1052 580 Wick
1083 556 1116 592 p.
1140 543 1202 582 29.

357 601 540 651 Quisquis
569 607 684 647 amat,
716 601 851 640 veniat.
910 601 1047 640 Veneri
1079 602 1162 640 volo
1191 602 1365 652 frangere
1395 609 1518 641 costas

411 661 575 699 fustibus
605 667 640 699 et
669 661 821 699 lumbos
851 661 1046 700 debilitare
1074 662 1179 700 deae.

358 719 388 759 si
419 726 541 770 potest
570 720 632 759 illa
660 719 753 758 mihi
783 726 959 759 tenerum
988 721 1218 770 pertundere
1248 726 1390 770 pectus,

357 780 437 829 quit
466 793 535 830 ego
564 792 643 818 non
673 780 818 829 possim
847 785 960 830 caput
989 779 1074 818 illae
1103 780 1278 830 frangere
1307 781 1432 819 fuste?

267 872 277 883 .
308 844 396 883 CIL.
428 845 488 892 IV,
522 846 621 884 1173
651 845 736 883 add.
767 858 802 895 p.
825 845 914 884 204.
959 845 1142 884 (213946.
1185 844 1297 882 Wiek
1326 859 1361 895 p.
1385 846 1446 884 28.

356 904 537 954 Quisquis
566 917 654 942 ama
682 904 789 950 valia,
819 903 923 954 peria
952 904 1016 953 qui
1044 904 1167 943 noscit
1195 917 1336 951 amare,

409 963 467 1002 bis
496 969 601 1002 tanto
631 968 760 1013 pereat
787 963 960 1013 quisquis
989 976 1118 1002 amare
1147 968 1262 1001 votat.

356 1023 459 1073 (Vql.
475 1037 513 1061 n.
529 1025 634 1061 3199
653 1035 789 1061 cuscus
810 1028 913 1061 amat
933 1022 1065 1070 valeat,
1093 1028 1222 1072 pereat
1242 1023 1305 1072 qui
1326 1023 1447 1062 noscit
1467 1026 1623 1071 amare.)

239 1090 277 1126 3.
308 1087 396 1126 CIL.
428 1088 489 1134 IV,
523 1089 635 1127 1928.
678 1087 720 1127 C.
742 1088 782 1126 E.
805 1089 894 1127 937.
938 1087 1050 1126 Wick
1081 1102 1114 1138 p.
1137 1088 1200 1126 27.

356 1147 546 1186 Scribenti
574 1147 626 1186 mi
655 1148 770 1186 dictat
797 1147 919 1186 Amor
947 1152 1184 1197 mostratque
1212 1147 1375 1197 Cupido:

355 1220 377 1245 a
406 1207 454 1255 (Ρ)
483 1220 649 1256 peream,
679 1206 762 1245 sine
790 1212 826 1245 te
856 1207 887 1245 si
915 1207 1009 1245 deus
1038 1220 1122 1245 esse
1151 1207 1274 1245 velim.

236 1273 275 1310 4.
305 1271 394 1311 CIL.
415 1272 478 1319 IV⁷
512 1274 623 1311 1837.
667 1271 707 1311 C.
729 1272 770 1311 E.
793 1273 881 1311 949.
925 1271 1038 1310 Wick
1067 1285 1102 1322 p.
1125 1272 1187 1310 27.

354 1331 393 1370 Si
423 1336 530 1381 potes
559 1337 596 1370 et
624 1344 704 1369 non
733 1331 800 1378 vis,
832 1344 899 1370 cur
927 1331 1064 1381 gaudia
1093 1330 1220 1369 differs

353 1404 538 1440 spemque
567 1392 669 1430 foves
698 1396 734 1429 et
763 1403 846 1429 cras
876 1403 997 1440 usque
1025 1390 1148 1429 redire
1175 1390 1307 1428 iubes?

353 1463 442 1500 ergo
471 1463 562 1501 coge
591 1450 688 1488 mori
719 1463 833 1499 quem
862 1451 944 1488 sine
973 1455 1009 1488 te
1038 1449 1163 1488 vivere
1191 1449 1311 1500 cogis:

404 1523 548 1548 munus
577 1509 647 1548 erit
676 1515 777 1548 certe
805 1523 883 1548 non
915 1509 1104 1548 cruciasse
1132 1509 1236 1548 boni.

353 1570 454 1618 quod
483 1581 570 1619 spes
600 1568 748 1619 eripuit,
779 1582 866 1619 spes
895 1575 996 1607 certe
1024 1568 1146 1607 reddit
1175 1568 1330 1607 amanti.

403 1629 607 1666 Darzmter
635 1630 730 1666 steht
758 1642 828 1667 von
857 1630 1028 1666 anderen
1056 1629 1244 1666 Hc'c'nden:

351 1687 414 1737 qui
443 1688 517 1726 hoc
545 1688 654 1737 leget,
684 1700 789 1726 nunc
818 1700 934 1737 quam
963 1692 1117 1737 posteac
1145 1687 1233 1726 aliid
1262 1687 1370 1734 (oder
1398 1687 1495 1733 aled)
1526 1688 1621 1736 legat

349 1748 450 1785 und:
480 1759 682 1796 nunquam
711 1746 758 1785 sit
788 1747 914 1785 salvos
943 1746 1007 1796 qui
1036 1759 1152 1796 supra
1181 1745 1342 1796 scripsit.

231 1815 271 1850 5.
300 1811 386 1850 Not.
417 1812 452 1850 d.
484 1811 586 1851 scavi
618 1813 731 1858 1888,
761 1825 797 1862 p.
819 1813 908 1850 519.
956 1811 1052 1850 Bull.
1083 1811 1171 1850 inst.
1202 1812 1305 1850 arch.
1331 1812 1444 1856 1889,
1474 1825 1509 1861 p.
1536 1812 1618 1849 122.

301 1870 341 1910 C.
364 1871 404 1909 E.
427 1873 515 1910 950.
559 1871 673 1909 Wiek
700 1885 736 1921 p.
758 1873 821 1910 30.

348 1930 380 1969 Ο
409 1930 557 1968 utinam
586 1930 695 1969 liceat
725 1930 820 1968 collo
850 1930 1050 1980 complexa
1078 1935 1209 1968 tenere

401 1989 568 2028 braciola
597 1995 633 2028 et
662 1989 802 2028 teneris
831 1990 962 2028 oscula
990 1989 1088 2027 ferre
1116 1988 1261 2027 labelis.

276 2091 283 2099 ¹
348 2048 360 2087 i
388 2062 504 2095 nunc⁷
535 2048 657 2087 ventis
686 2054 752 2088 tua
779 2048 929 2099 gaudia⁷
959 2048 1112 2099 pupula,
1144 2048 1266 2086 crede.

349 2108 460 2146 crede
488 2107 595 2155 mihi,
623 2108 715 2147 levis
744 2113 800 2146 est
830 2113 967 2146 natura
996 2108 1176 2146 virorum.

347 2180 460 2217 saepe
489 2179 558 2217 ego
587 2180 634 2206 cu
662 2168 788 2206 media
816 2167 968 2218 vigilare
998 2166 1143 2217 perdita
1172 2171 1295 2213 nocte,

346 2226 442 2265 haec
470 2239 622 2265 mecum
651 2226 831 2265 meditas:
861 2227 1003 2265 multos
1024 2226 1195 2264 Fortuna
1218 2238 1314 2275 quos
1335 2225 1512 2275 supstulit
1532 2225 1616 2270 alte,

400 2286 472 2324 hos
501 2286 615 2324 modo
644 2285 831 2336 proiectos
860 2285 986 2324 subito
1016 2285 1314 2336 praecipitesque
1343 2284 1496 2334 premit3

347 2345 401 2383 sic
429 2345 560 2383 Venus
591 2350 631 2384 ut
660 2345 786 2384 subito
816 2345 986 2384 coiunxit
1015 2357 1175 2395 corpora
1204 2350 1415 2390 amantum,

399 2403 533 2443 dividit
559 2404 638 2451 lux,
668 2410 704 2443 et
733 2417 774 2443 se
802 2404 925 2455 paries
940 2405 988 2452 (Ρ)
1019 2404 1108 2454 quid
1138 2417 1225 2443 ama
1241 2404 1301 2451 (Ρ).

230 2471 269 2507 6.
298 2468 410 2507 Wick
439 2482 474 2519 p.
496 2470 546 2508 27
575 2470 675 2508 nach
705 2469 907 2520 Soglianos
935 2470 1102 2520 Lesung.

347 2527 529 2578 Quisquis
558 2534 661 2567 amat
689 2529 810 2579 nigra,
839 2528 958 2579 nigris
988 2528 1220 2567 carbonibus
1248 2528 1369 2566 ardet:

400 2586 550 2637 nigram
579 2600 667 2626 cum
695 2587 816 2635 video,
847 2600 955 2626 mora
981 2588 1143 2626 libenter
1173 2588 1254 2626 edo,

240 847 263 882 ¹0
