1732 2844
483 479 908 528 Testamentum
947 480 1185 542 porcelli.

236 631 351 669 Dz'ese
393 631 670 669 volkstz‘bnliche
698 630 867 668 Pal-odie
907 632 976 668 der
1005 631 1259 680 juristischen
1294 631 1545 670 Testaments—

128 691 279 739 formem
315 703 395 728 war
423 691 537 728 sehon
567 690 825 740 Hieronymus
859 690 1020 727 bekannt
1059 690 1116 736 (in
1150 691 1220 727 det·
1257 691 1424 729 Vorrede
1457 704 1544 729 zum

130 752 192 788 12.
228 750 335 788 Buelz
378 751 497 787 semes
541 749 1015 798 Jesaias-Kommentars,
1059 750 1098 787 S.
1129 750 1208 787 493
1253 751 1310 788 ed.
1350 751 1546 788 Vallarsi:

130 809 250 848 multo
279 822 367 859 pars
397 808 518 847 maior
546 812 603 846 est
631 807 796 846 Milesias
834 807 982 846 fabulas
1010 807 1287 846 revolventium
1317 822 1432 859 quam
1459 810 1544 848 Pla-

130 868 231 907 tonis
259 868 376 906 libros
408 900 415 906 .
447 899 455 906 .
488 899 495 906 .
532 867 696 916 denique
724 867 928 906 Timaeum
956 868 1002 905 de
1030 867 1166 905 mundi
1193 867 1398 906 harmonia
1426 874 1544 907 astro-

130 941 293 978 rumque
330 940 444 966 cursu
482 926 741 977 disputantem
779 926 860 975 ipse
898 926 961 976 qui
997 925 1269 976 interpretatus
1305 933 1360 966 est
1398 927 1546 967 Tullius

131 1001 172 1026 se
201 1002 281 1026 non
310 987 526 1036 intellegere
555 987 769 1033 confitetur,
799 990 1071 1024 testamentum
1097 991 1227 1025 autem
1247 986 1410 1025 Grunnii
1430 986 1547 1026 Coro-

131 1052 253 1086 cottae
290 1046 444 1097 porcelli
478 1047 683 1084 decantant
711 1046 750 1084 in
780 1045 920 1084 scholis
959 1058 1167 1095 puerorum
1204 1046 1358 1096 agmina
1395 1047 1551 1085 cachin-

130 1106 336 1155 nantium).
409 1107 484 1144 Die
530 1112 627 1144 erste
675 1107 855 1144 kritisclze
896 1107 1071 1156 Ausyabe
1125 1108 1194 1144 mit
1247 1107 1547 1155 ausfic'hrlichem

129 1168 382 1205 Kommentar
424 1167 688 1203 veranstaltete
722 1166 776 1203 M.
807 1165 941 1214 Haupt
984 1167 1035 1203 im
1073 1166 1255 1204 Berliner
1283 1167 1546 1204 Lektionsver-

131 1227 298 1264 zeielmis
316 1239 396 1263 vom]
413 1226 584 1264 Smnmer
601 1227 704 1262 1860
723 1223 796 1274 (z
812 1237 937 1274 opusc.
957 1225 1012 1271 II,
1034 1226 1111 1262 175
1116 1225 1157 1273 ff.
1157 1225 1191 1273 ).
1241 1225 1325 1262 Wir
1342 1226 1455 1275 yeben
1473 1227 1548 1263 den

137 1287 230 1323 Text
257 1286 355 1323 nach
383 1286 453 1323 der
471 1286 724 1334 Feststellmzy
746 1285 971 1323 Bueclzelers
999 1286 1041 1322 in
1069 1286 1194 1322 δείνων
1222 1285 1357 1322 Zetzten
1387 1285 1548 1323 Petron-

132 1346 293 1395 aecsyabe
329 1343 485 1393 (1904),
528 1344 568 1382 S.
604 1345 760 1394 243f9„
803 1356 856 1382 wo
897 1344 993 1381 anch
1035 1356 1147 1381 nectes
1186 1344 1549 1392 handschriftliches

132 1405 316 1443 Material
345 1405 494 1441 benutzt
522 1405 583 1441 ist.

237 1463 373 1513 Incipit
401 1467 674 1501 testamentum
703 1461 874 1512 porcelli:

238 1523 288 1562 M.
320 1522 518 1561 Grunnius
548 1521 749 1560 Corocotta
782 1521 971 1571 porcellus
1000 1525 1272 1560 testamentum
1302 1520 1399 1559 fecit.
1457 1534 1549 1570 quo—

132 1583 238 1621 niam
266 1595 385 1620 mauu
414 1594 501 1620 mea
530 1581 696 1619 scribere
724 1594 803 1619 non
833 1580 951 1631 potui,
981 1579 1229 1618 scribendum
1259 1580 1406 1619 dictavi.

238 1642 406 1691 Mag-irus
442 1654 555 1680 cocus
591 1640 695 1678 dixit.
753 1640 853 1678 ‘veni
880 1640 969 1687 huc,
1005 1652 1158 1678 eversor
1188 1640 1304 1686 domi,
1342 1638 1548 1678 solivertia·

133 1707 192 1740 tor
205 1701 230 1748 ¹,
270 1700 422 1751 fugitive
457 1701 631 1750 porcelle,
671 1705 706 1738 et
740 1699 854 1738 hodie
883 1698 950 1738 tibi
980 1698 1117 1737 dirimo
1147 1699 1287 1737 vitamst
1346 1698 1549 1738 Corocotta

133 1761 320 1811 porcellus
350 1759 443 1799 dixit
472 1759 516 1798 ‘si
537 1773 612 1809 qua
640 1759 722 1806 feci,
752 1759 784 1797 si
813 1772 888 1808 qua
908 1758 1071 1809 peccavi,
1101 1757 1131 1796 si
1153 1771 1227 1807 qua
1256 1758 1417 1797 vascella
1446 1757 1547 1808 pedi-

133 1821 206 1858 bus
235 1819 330 1858 meis
359 1819 539 1869 confregi,
569 1832 674 1869 rogo,
704 1818 859 1857 domine
888 1831 988 1865 coce,
1018 1818 1134 1856 vitam
1164 1823 1264 1868 peto,
1294 1818 1460 1856 concede
1489 1830 1547 1855 ro-

133 1879 262 1929 ganti'.
318 1879 485 1929 Magirus
516 1892 630 1917 cocus
660 1878 753 1917 dixit
782 1877 926 1925 ‘transi‚
957 1890 1063 1927 puer,
1094 1877 1186 1915 affer
1216 1877 1310 1915 mihi
1340 1878 1386 1915 de
1414 1876 1548 1915 cocina

134 1939 311 1985 cultrum,
341 1944 382 1977 ut
410 1939 516 1977 hunc
544 1939 753 1989 porcellum
782 1937 917 1976 faciam
945 1937 1172 1975 cruentum'.
1230 1936 1416 1986 porcellus
1446 1949 1548 1974 com-

133 1998 382 2048 prehenditur
420 2012 442 2036 a
478 1997 642 2044 famulis,
682 1998 818 2036 ductus
857 1997 928 2035 sub
968 1996 1027 2035 die
1064 1996 1148 2034 XVI
1185 1996 1266 2034 Kal.
1296 1995 1548 2043 Lucerninas,

134 2057 199 2096 ubi
227 2058 426 2096 abundant
455 2071 599 2107 cymae,
638 2057 837 2096 Clibanato
866 2061 902 2094 et
937 2056 1113 2106 Piperato
1138 2055 1377 2094 consulibus.
1435 2060 1471 2093 et
1505 2059 1548 2093 ut

133 2116 224 2155 vidit
244 2130 284 2155 se
303 2116 534 2155 moriturum
563 2129 660 2164 esse,
688 2117 807 2155 horae
836 2115 1000 2166 spatium
1030 2114 1134 2165 petiit
1163 2120 1199 2154 et
1228 2128 1361 2153 cocum
1390 2113 1547 2164 rogavit,

134 2181 176 2215 ut
212 2181 486 2214 testamentum
522 2176 646 2214 facere
680 2180 820 2226 posset.
879 2175 1054 2213 clamavit
1089 2175 1137 2213 ad
1167 2187 1207 2212 se
1235 2187 1326 2212 suos
1356 2178 1545 2224 parentes,

134 2241 175 2274 ut
205 2236 251 2274 de
279 2235 430 2274 cibariis
460 2235 538 2274 suis
568 2235 708 2285 aliquid
737 2234 941 2273 dimitteret
970 2233 1035 2273 eis.
1093 2233 1156 2283 qui
1185 2233 1254 2272 ait:

241 2295 350 2345 ‘patri
379 2308 466 2333 meo
487 2294 648 2333 Verrino
668 2295 834 2333 Lardino
864 2295 912 2332 do
940 2294 1024 2344 lego
1051 2293 1132 2331 dari
1157 2291 1369 2343 glandinis2
1397 2290 1547 2330 modios

134 2354 249 2400 XXX,
289 2360 324 2392 et
352 2353 465 2392 matri
493 2367 602 2392 meae
631 2353 837 2392 Veturinae
866 2354 1011 2392 scrofae
1039 2354 1087 2391 do
1113 2352 1199 2402 lego
1228 2351 1308 2390 dari
1336 2350 1549 2390 Laconicae

245 2457 256 2477 1
290 2454 542 2496 soliverriator,
578 2456 655 2487 eine
687 2455 843 2488 Hdschr.
877 2455 930 2487 bei
962 2455 1106 2496 Haupt,
1139 2453 1232 2486 viell.
1262 2452 1434 2495 richtiyer
1468 2451 1547 2495 (vyl.

135 2507 352 2550 everriator).
386 2529 430 2533 —
464 2506 478 2526 ²
504 2507 642 2550 glandis
677 2509 735 2541 ein
765 2508 840 2541 Tez'l
871 2509 934 2541 der
959 2508 1128 2550 Hdschr„
1163 2507 1283 2540 eberiso
1308 2505 1437 2540 Rueck.
1465 2504 1548 2547 (vgl.

136 2562 268 2595 Archiv
294 2562 317 2595 f.
343 2561 402 2595 lat.
429 2562 512 2595 Lex.
539 2561 611 2602 XV,
638 2561 729 2602 548).
