1732 2844
734 117 991 154 *14—

158 228 218 276 rit,
248 227 433 267 destinavi
462 229 569 267 illum
597 228 744 267 artificii
773 229 922 275 docere⁷
951 233 1016 268 aut
1046 228 1301 268 tonstreinum
1330 234 1395 268 aut
1420 243 1571 281 praeco-

158 301 247 326 nem
286 293 350 326 aut
388 293 488 326 certe
526 288 774 335 causidicum,
817 289 918 338 quod
956 287 1007 326 illi
1045 289 1193 327 auferre
1232 302 1309 327 non
1352 290 1470 339 possit
1499 290 1571 328 nisi

113 355 131 386 8
158 348 292 387 Orcus.
349 348 432 386 ideo
470 348 521 386 illi
559 348 695 387 cotidie
737 349 880 387 clamo:
920 348 1167 398 “Primigeni,
1197 349 1306 387 crede
1334 349 1442 397 mihi,
1472 349 1572 399 quie-

160 408 250 457 quid
278 407 403 455 discis,
433 407 499 445 tibi
529 407 654 446 discis.
711 407 815 446 vides
852 407 1098 446 Phileronem
1128 408 1384 446 causidicum:
1424 408 1455 446 si
1493 421 1572 447 non

160 467 363 514 didicisset,
402 467 516 505 hodie
553 467 694 505 famem
732 480 754 505 a
791 467 906 505 labris
946 480 1025 504 non
1063 467 1244 517 abigeret.
1301 468 1429 514 modo,
1458 469 1572 506 modo

161 526 255 565 collo
296 539 366 565 suo
408 525 697 564 circumferebat
740 539 858 564 onera
900 526 1056 573 venalia,
1099 539 1203 564 nunc
1241 526 1354 564 etiam
1390 527 1572 565 adversus

159 586 387 624 Norbanum
426 598 466 623 se
504 584 686 623 extendit.
743 584 892 623 litterae
929 586 1154 624 thesaurum
1193 590 1260 632 est,
1299 591 1336 624 et
1373 585 1573 624 artificium

160 658 361 694 nunquam
390 644 590 682 moritur”.
1469 675 1471 677 ,

89 704 133 741 47
269 704 455 743 eiusmodi
483 704 634 741 fabulae
663 703 878 751 vibrabant,
908 716 996 742 cum
1026 703 1258 742 Trimalchio
1286 703 1439 742 intravit
1458 709 1494 742 et
1513 704 1573 742 de-

161 769 262 803 tersa
290 764 414 802 fronte
443 768 641 812 unguento
669 775 810 800 manus
839 762 928 801 lavit
952 763 1150 812 spatioque
1169 762 1331 802 minimo
1351 763 1576 814 interposito

115 831 134 861 2
163 823 358 874 ‘ignoscite
395 822 504 860 mihi’
543 822 666 871 inquit
704 821 841 868 ‘amici‚
879 822 1009 860 multis
1050 822 1125 860 iam
1155 822 1288 860 diebus
1323 828 1454 861 venter
1480 823 1575 861 mihi

162 897 241 922 non
276 882 484 932 respondit.
542 894 613 919 nec
647 881 784 920 medici
814 894 854 919 se
884 881 1098 920 inveniunt.
1156 881 1296 931 profuit
1323 881 1417 920 mihi
1446 887 1574 922 tamen

115 949 134 980 3
162 943 399 982 malicorium
429 947 465 980 et
494 941 603 979 taeda
633 954 679 979 ex
707 945 826 980 aceto.
886 953 998 991 spero
1039 946 1181 988 tamen⁷
1212 941 1287 979 iam
1316 946 1481 979 veterem
1509 954 1575 992 pu-

163 1004 295 1041 dorem
333 1001 404 1040 sibi
442 1001 623 1051 imponet.
682 999 851 1049 alioquin
895 999 998 1038 circa
1038 1001 1279 1038 stomachum
1320 1000 1415 1038 mihi
1452 1006 1576 1048 sonat⁷

116 1067 136 1098 4
163 1067 272 1113 putes
315 1066 480 1099 taurum.
538 1060 666 1109 itaque
709 1059 741 1098 si
784 1059 867 1109 quis
901 1064 1072 1098 vestrum
1107 1058 1267 1098 voluerit
1296 1072 1365 1098 sua
1392 1072 1434 1098 re
1462 1072 1578 1098 causa

163 1123 297 1169 facere,
338 1133 416 1159 non
458 1124 515 1158 est
554 1120 656 1169 quod
698 1119 804 1157 illum
845 1119 1045 1169 pudeatur.
1103 1131 1217 1157 nemo
1255 1124 1432 1157 nostrum
1460 1119 1578 1158 solide

163 1186 278 1220 natus
321 1184 388 1219 est.
447 1192 516 1229 ego
559 1178 708 1217 nullum
752 1183 843 1228 puto
888 1183 967 1216 tam
1010 1191 1195 1228 magnum
1229 1183 1464 1217 tormentum
1494 1191 1578 1217 esse

119 1248 138 1278 5
166 1253 282 1290 quam
321 1238 530 1278 continere.
585 1239 661 1277 hoc
699 1237 824 1276 solum
866 1243 994 1276 vetare
1031 1251 1080 1276 ne
1128 1236 1226 1276 Iovis
1271 1242 1407 1287 potest.
1464 1237 1576 1285 rides,

165 1299 388 1347 Fortunata,
420 1311 518 1348 quae
547 1299 646 1336 soles
675 1310 737 1336 me
767 1302 878 1336 nocte
907 1298 1132 1336 desomnem
1162 1298 1310 1336 facere?
1349 1310 1420 1335 nec
1448 1302 1577 1336 tamen

162 1360 202 1398 in
232 1359 394 1398 triclinio
423 1359 545 1396 ullum
574 1362 687 1396 vetuo
716 1357 840 1395 facere
870 1357 971 1406 quod
1001 1370 1042 1395 se
1071 1357 1184 1403 iuvet,
1215 1361 1250 1395 et
1278 1355 1415 1394 medici
1449 1361 1578 1395 vetant

163 1419 371 1458 continere.
429 1417 488 1456 vel
527 1417 559 1455 si
597 1416 689 1466 quid
726 1416 812 1466 plus
847 1416 962 1463 venit,
992 1416 1124 1454 omnia
1162 1417 1265 1454 foras
1301 1420 1436 1466 parata
1464 1420 1576 1454 sunt:

115 1489 134 1519 6
162 1491 272 1527 aqua,
303 1476 425 1516 lasani
455 1482 491 1515 et
521 1481 645 1515 cetera
674 1475 887 1514 minutalia.
946 1475 1085 1514 credite
1113 1475 1220 1522 mihi,
1241 1475 1517 1524 anathymiasis
1538 1475 1575 1513 in

162 1538 363 1576 cerebrum
400 1537 426 1575 it
465 1541 501 1575 et
530 1536 570 1574 in
599 1540 679 1574 toto
708 1548 867 1585 corpore
895 1535 1054 1573 fluctum
1083 1534 1181 1574 facit.
1240 1535 1381 1573 multos
1410 1534 1487 1573 scio
1524 1533 1577 1573 sic

117 1607 133 1638 7
162 1597 332 1647 periissey
353 1597 445 1634 dum
466 1596 604 1634 nolunt
625 1595 697 1634 sibi
727 1608 860 1633 verum
890 1594 1040 1633 dicere’.
1096 1594 1236 1644 gratias
1265 1594 1414 1644 agimus
1443 1594 1578 1632 libera-

162 1656 255 1695 litati
297 1656 633 1706 indulgentiaeque
675 1655 773 1701 eius⁷
817 1659 854 1692 et
883 1653 1047 1692 subinde
1076 1653 1306 1703 castigamus
1336 1653 1477 1691 crebris
1515 1666 1578 1703 po-

117 1725 136 1757 8
163 1715 342 1754 tiunculis
370 1715 504 1753 risum.
561 1727 632 1752 nec
651 1714 777 1752 adhuc
798 1713 1013 1752 sciebamus
1034 1726 1105 1751 nos
1125 1712 1164 1751 in
1186 1713 1312 1751 medio
1331 1712 1577 1760 lautitiarum,

163 1777 266 1825 quod
294 1775 413 1821 aiunt,
443 1773 538 1813 clivo
566 1774 751 1812 laborare.
808 1786 900 1811 nam
929 1785 1017 1811 cum
1051 1772 1246 1811 mundatis
1275 1773 1324 1810 ad
1358 1772 1577 1822 symphoni-

162 1849 225 1874 am
262 1834 408 1873 mensis
445 1839 523 1873 tres
561 1833 637 1872 albi
676 1846 764 1871 sues
793 1832 832 1870 in
870 1832 1076 1871 triclinium
1105 1831 1257 1870 adducti
1286 1837 1377 1870 sunt
1406 1831 1578 1881 capistris

163 1899 199 1933 et
228 1893 496 1932 tintinnabulis
525 1892 627 1940 culti,
658 1904 823 1941 quorum
851 1904 974 1930 unum
1004 1891 1153 1929 bimum
1181 1891 1473 1929 nomenculator
1493 1903 1578 1929 esse

118 1963 136 1993 9
164 1954 324 2001 dicebat,
344 1954 506 1992 alterum
527 1952 697 1999 trimum⁷
718 1951 872 1990 tertium
902 1964 991 1989 vero
1020 1950 1096 1990 iam
1126 1963 1343 1997 sexennem,
1374 1962 1442 2000 ego
1472 1954 1577 2000 puta-

164 2014 254 2052 bam
283 2012 570 2063 petauristarios
600 2012 766 2050 intrasse
795 2015 830 2049 et
859 2023 1010 2060 porcos⁷
1040 2010 1137 2048 sicut
1166 2010 1204 2047 in
1235 2008 1384 2048 circulis
1403 2022 1488 2048 mos
1508 2014 1577 2056 est,

95 2082 137 2114 10
164 2078 341 2123 portenta
378 2072 505 2121 aliqua
539 2072 724 2118 facturos3
756 2071 823 2109 sed
852 2069 1085 2108 Trimalchio
1115 2069 1377 2119 expectatione
1406 2068 1579 2107 discussa

166 2133 305 2181 ‘quem'
336 2132 459 2181 inquit
488 2133 547 2170 ‘ex
577 2131 631 2169 eis
660 2130 774 2169 vultis
804 2130 842 2168 in
864 2142 1001 2168 cenam
1022 2129 1151 2167 statim
1172 2129 1281 2167 fieri?
1311 2128 1453 2178 gallum
1474 2127 1578 2166 enim

166 2192 430 2241 gallinaceum,
461 2191 709 2241 penthiacum
739 2195 775 2228 et
804 2189 991 2228 eiusmodi
1012 2188 1147 2227 nenias
1168 2187 1301 2226 rustici
1320 2187 1482 2226 faciunt:
1503 2186 1579 2225 mei

99 2258 138 2290 11
168 2251 248 2290 coci
278 2252 391 2290 etiam
421 2251 559 2289 vitulos
589 2263 685 2289 aeno
716 2254 842 2288 coctos
872 2249 996 2287 solent
1024 2248 1174 2287 facere'.
1232 2247 1491 2295 continuoque
1520 2259 1578 2284 co-

168 2324 255 2349 cum
285 2312 410 2349 vocari
440 2310 561 2357 iussit,
599 2314 635 2348 et
662 2323 743 2348 non
772 2313 969 2359 expectata
996 2307 1178 2346 electione
1206 2312 1339 2344 nostra
1366 2305 1579 2344 maximum

97 2378 138 2408 12
166 2375 259 2408 natu
274 2370 382 2408 iussit
398 2369 528 2417 occidi,
545 2374 581 2408 et
596 2370 698 2408 clara
712 2381 821 2407 voce:
844 2370 902 2406 ‘ex
922 2372 1039 2417 quota
1059 2366 1210 2405 decuria
1230 2379 1270 2404 es
1281 2365 1310 2404 *θ’
1350 2378 1436 2403 cum
1456 2364 1517 2403 ille
1538 2377 1578 2419 sle

275 2507 290 2539 1
329 2505 574 2540 consti-einum
602 2506 649 2539 H.
683 2525 727 2530 --
768 2505 811 2538 13
845 2503 1078 2537 maleicorum
1105 2504 1154 2537 H.
1188 2523 1231 2527 -
1267 2503 1429 2536 ventrem
1454 2500 1502 2534 H.
1534 2519 1579 2524 --

170 2560 213 2593 15
241 2570 348 2594 causa
373 2561 451 2603 tilyt
467 2560 534 2594 Br.
561 2559 640 2592 hier
664 2559 741 2593 und
766 2569 792 2593 c.
813 2561 867 2602 66,
887 2561 918 2592 2.
941 2576 979 2581 —
1011 2557 1053 2590 18
1078 2567 1144 2590 nec
1169 2556 1353 2590 Heinsius.
1385 2574 1424 2579 -—
1452 2554 1498 2587 20
1523 2563 1579 2587 ve-

167 2613 218 2647 tui
245 2614 292 2647 H.

1603 771 1647 804 10

1604 1066 1647 1099 15

1603 1363 1648 1395 20

1605 1661 1649 1693 25

1603 1959 1649 1992 30

1604 2255 1650 2287 35
