1732 2844
743 135 974 171 —ss—

109 257 128 288 3
155 244 388 295 imposuerat
417 245 562 284 cibum:
593 258 707 295 super
727 245 882 284 arietem
912 246 1010 285 cicer
1039 245 1257 294 arietinum,
1280 259 1393 297 super
1413 252 1565 286 taurum

156 304 321 343 bubulae
349 304 526 351 frustum,
556 317 671 354 super
699 304 873 354 geminos
902 304 1095 343 testiculos
1123 318 1167 344 ac
1188 306 1325 353 rienes,
1346 319 1460 356 super
1479 319 1565 346 can-

156 376 264 402 crum
293 376 488 410 coronam,
519 376 633 413 super
661 364 814 402 leonem
843 364 957 402 ficum
988 364 1225 409 Africanam,
1246 377 1360 415 super
1380 364 1567 416 virginem

108 434 128 465 4
156 422 415 470 steriliculam,
445 436 559 472 super
586 422 725 461 libram
754 427 934 461 stateram
964 423 1001 461 in
1032 423 1139 462 cuius
1169 424 1287 462 altera
1314 429 1420 474 parte
1449 424 1567 464 scrib-

155 481 219 521 lita
248 487 340 529 erat,
370 482 409 520 in
438 483 557 520 altera
586 482 773 531 placenta,
804 495 918 532 super
947 483 1190 532 scorpionem
1228 484 1452 533 pisciculum
1486 497 1566 523 ma-

156 540 296 587 rinum,
327 554 441 591 super
471 541 708 591 sagittarium
738 541 983 591 oclopectam,
1014 555 1127 592 super
1157 542 1423 592 capricornum
1442 543 1566 582 lucus-

156 605 234 639 tam
271 600 474 647 marinam,
515 613 630 650 super
673 600 875 650 aquarium
912 614 1103 648 anserem,
1145 614 1259 651 super
1307 602 1429 653 pisces
1469 603 1567 642 duos

109 671 130 702 5
156 659 306 698 mullos.
363 659 401 697 in
444 659 569 697 medio
607 665 735 698 autern
774 673 929 710 caespes
966 673 1055 699 cum
1092 661 1222 699 herbis
1257 661 1407 700 excisus
1436 661 1567 700 favum

110 730 129 762 6
157 719 380 757 sustinebat.
412 718 701 757 circumferebat
719 719 928 769 Aegyptius
948 733 1041 770 puer
1061 719 1210 758 clibano
1230 726 1410 770 argenteo
1425 734 1567 771 panem

157 842 270 886 atque
298 837 378 887 ipse
408 836 522 876 etiam
551 837 769 876 taeterrima
806 850 898 876 voce
927 838 972 875 de
1000 837 1275 888 Laserpiciario
1304 838 1423 877 mimo
1452 839 1568 878 canti-

111 907 129 939 7
157 909 245 935 cum
275 896 442 935 extorsit.
498 909 570 935 nos
598 901 639 934 ut
669 896 854 935 tristiores
884 898 932 935 ad
960 901 1040 935 tam
1069 897 1160 936 viles
1189 897 1421 936 accessimus
1449 898 1567 946 cibos,

85 960 132 997 36
158 956 325 994 ‘suadeo'
356 956 479 1005 inquit
509 955 743 994 Trimalchio
772 957 987 1003 ‘cenemus3
1024 958 1099 995 hoc
1128 961 1186 995 est
1213 956 1272 995 ius
1302 957 1444 996 cenae'.
1473 958 1569 996 haec

158 1021 200 1053 ut
229 1015 334 1061 dixit,
364 1016 412 1053 ad
442 1014 714 1065 symphoniam
744 1020 923 1065 quattuor
943 1015 1195 1066 tripudiantes
1215 1021 1489 1066 procurrerunt
1509 1030 1568 1056 su·

111 1085 131 1116 2
158 1075 423 1125 perioremque
451 1079 600 1124 partem
628 1075 841 1125 repositorii
869 1076 1121 1114 abstulerunt.
1164 1089 1240 1125 quo
1268 1076 1367 1114 facto
1396 1076 1570 1115 videmus

156 1134 255 1172 infra
285 1133 443 1182 [scilicet
472 1134 510 1172 in
540 1135 660 1172 altero
688 1134 847 1183 ferculo]
877 1135 992 1173 altilia
1020 1140 1056 1173 et
1085 1135 1238 1173 sumina
1263 1136 1510 1186 leporemque
1529 1134 1570 1174 in

110 1203 129 1235 3
157 1193 284 1232 medio
323 1193 452 1243 pinnis
495 1194 762 1241 subornatum,
801 1199 842 1232 ut
883 1194 1054 1244 Pegasus
1092 1194 1294 1233 videretur.
1350 1195 1569 1233 notavimus

158 1252 272 1291 etiam
310 1252 409 1291 circa
447 1253 607 1303 angulos
647 1252 862 1303 repositorii
904 1254 1074 1303 Marsyas
1113 1259 1303 1303 quattuor,
1333 1267 1379 1292 ex
1409 1267 1569 1303 quorum

157 1312 331 1350 utriculis
369 1325 504 1362 garum
533 1312 749 1362 piperatum
778 1313 954 1351 currebat
983 1326 1098 1363 super
1126 1313 1262 1363 pisces,
1292 1313 1356 1362 qui
1384 1319 1570 1363 tanquam

111 1382 131 1413 4
158 1372 197 1410 in
227 1372 358 1421 euripo
389 1372 585 1410 natabant.
646 1373 782 1410 damus
812 1385 947 1410 omnes
975 1372 1153 1422 plausum
1174 1386 1196 1411 a
1215 1372 1356 1411 familia
1374 1372 1569 1423 inceptum

111 1441 131 1471 5
158 1435 195 1469 et
222 1444 282 1469 res
313 1431 560 1470 electissimas
590 1431 759 1470 ridentes
788 1431 1043 1482 aggredimur.
1079 1445 1160 1470 non
1186 1432 1316 1470 minus
1345 1436 1382 1471 et
1411 1432 1570 1470 Trimal-

111 1501 130 1532 6
159 1489 244 1529 chio
273 1490 461 1529 eiusmodi
490 1491 686 1530 methodio
714 1492 835 1530 laetus
865 1491 1013 1541 ‘Carpe'
1043 1490 1177 1541 inquit.
1228 1491 1413 1541 processit
1441 1491 1570 1530 statim

159 1550 299 1588 scissor
334 1555 370 1589 et
407 1551 455 1589 ad
485 1550 755 1601 symphoniam
792 1550 1038 1601 gesticulatus
1067 1551 1118 1589 ita
1144 1550 1323 1589 laceravit
1351 1551 1569 1598 obsonium,

113 1618 130 1651 7
158 1614 199 1648 ut
238 1615 392 1660 putares
427 1609 663 1649 essedarium
700 1611 885 1660 hydraule
921 1615 1100 1648 cantante
1135 1623 1316 1660 pugnare.
1373 1610 1571 1660 ingerebat

159 1669 279 1707 nihilo
308 1668 437 1708 minus
468 1669 701 1708 Trimalchio
730 1669 943 1708 lentissima
971 1682 1080 1708 voce:
1120 1670 1267 1720 ‘Carpe,
1297 1669 1444 1720 Carpe'.
1501 1682 1570 1720 ego

159 1728 375 1778 suspicatus
405 1730 452 1768 ad
481 1729 649 1778 aliquam
677 1729 936 1768 urbanitatem
964 1728 1104 1767 totiens
1133 1729 1308 1767 iteratam
1336 1742 1468 1768 vocem
1488 1742 1570 1779 per-

158 1787 291 1835 tinere,
327 1802 406 1826 non
444 1788 580 1827 erubui
608 1801 696 1827 eum
726 1788 789 1838 qui
818 1801 934 1838 supra
961 1801 1024 1827 me
1051 1789 1313 1836 accumbebat,
1342 1789 1417 1827 hoc
1443 1787 1572 1839 ipsum

113 1856 133 1888 8
159 1846 405 1897 interrogare.
462 1853 499 1886 at
528 1848 601 1895 ille,
632 1847 695 1897 qui
725 1847 876 1898 saepius
906 1847 1092 1886 eiusmodi
1111 1848 1221 1886 ludos
1241 1852 1487 1898 spectaverat,
1509 1847 1571 1885 ‘vi-

160 1907 226 1944 des
263 1906 383 1945 illum'
422 1906 546 1957 inquit
584 1907 661 1957 ‘qui
699 1907 904 1946 obsonium
943 1907 1078 1958 carpit:
1122 1907 1269 1957 Carpus
1298 1911 1466 1946 vocatur.
1520 1906 1573 1946 ita

161 1965 463 2016 quotiescunque
492 1967 582 2005 dicit
610 1966 799 2016 “Carpe'',
828 1967 963 2004 eodem
991 1967 1106 2005 verbo
1136 1971 1172 2006 et
1200 1971 1309 2005 vocat
1328 1972 1365 2005 et
1384 1966 1571 2017 imperat'.

88 2028 133 2064 37
266 2038 345 2063 non
385 2026 491 2076 potui
529 2026 692 2076 amplius
731 2026 936 2075 quicquam
974 2031 1139 2075 gustare,
1182 2027 1249 2064 sed
1288 2038 1496 2064 conversus
1525 2026 1573 2064 ad

160 2097 261 2131 eum,
291 2090 333 2123 ut
363 2098 477 2134 quam
506 2085 671 2135 plurima
699 2085 926 2135 exciperem,
955 2085 1067 2135 longe
1087 2098 1280 2124 accersere
1299 2085 1446 2124 fabulas
1467 2083 1572 2134 coepi

161 2143 431 2194 sciscitarique,
475 2158 571 2194 quae
609 2150 709 2184 esset
746 2144 882 2183 mulier
910 2144 984 2191 illa,
1014 2157 1111 2194 quae
1139 2145 1215 2183 huc
1243 2150 1356 2194 atque
1382 2145 1470 2183 illuc
1499 2143 1574 2182 dis-

114 2212 133 2242 2
161 2208 341 2242 curreret.
377 2205 497 2242 ‘uxor'
519 2204 642 2253 inquit
663 2203 983 2251 Trimalchionis,
1002 2204 1214 2242 Fortunata
1232 2204 1454 2254 appellatur,
1475 2215 1573 2252 quae

113 2271 133 2302 3
162 2275 342 2301 nummos
383 2263 509 2302 modio
548 2263 714 2302 metitur.
764 2268 799 2302 et
837 2264 964 2310 modo,
993 2264 1109 2302 modo
1139 2263 1228 2313 quid
1256 2263 1348 2302 fuit?
1403 2262 1573 2313 ignoscet

162 2321 257 2360 mihi
295 2323 430 2372 genius
467 2328 568 2370 tuus,
607 2323 796 2361 noluisses
834 2324 880 2361 de
918 2335 1037 2361 manu
1074 2322 1173 2361 illius
1211 2336 1351 2372 panem
1389 2321 1571 2371 accipere.

269 2464 291 2497 4
317 2464 515 2498 sciribillita
534 2465 576 2497 H
585 2475 693 2508 989671Γ
710 2465 752 2498 L.
773 2485 815 2488 —
843 2464 863 2497 6
890 2463 1090 2507 oclopetam
1107 2464 1190 2506 HL,
1216 2463 1280 2506 τρὶ.
1295 2463 1360 2496 Βν.
1379 2464 1428 2495 im
1445 2438 1589 2496 Rheins

163 2518 258 2551 Mus.
279 2520 333 2558 58,
353 2521 420 2551 625
447 2518 694 2565 (οεΙο-πήκτης
715 2531 755 2544 =
776 2517 958 2558 oclifixor).
986 2537 1029 2541 »-
1059 2517 1099 2549 12
1126 2516 1193 2559 ius]
1220 2515 1257 2549 in
1274 2517 1317 2549 H
1334 2525 1442 2559 yeyevz
1466 2516 1508 2549 L.
1529 2533 1572 2538 -

166 2571 207 2604 18
217 2571 265 2614 ἴῃ.
292 2570 495 2614 quicunque
514 2571 636 2614 euripo
654 2571 702 2613 H,
729 2570 790 2614 qui
806 2570 844 2604 in
862 2570 985 2613 euripo
1004 2571 1045 2605 L.
1066 2589 1109 2593 ——
1136 2569 1181 2603 28
1207 2569 1326 2612 itaque
1343 2570 1442 2603 LBr.
1465 2578 1572 2612 yeyen

163 2626 205 2658 H
227 2626 266 2666 (s.
293 2625 351 2659 ΒΓ.
378 2625 431 2659 ed.
450 2625 475 2665 Ι,
503 2636 535 2668 p.
557 2624 703 2666 XXXV).

1596 837 1671 877 10'

1597 1139 1639 1172 15

1597 1439 1641 1470 20

1597 1733 1640 1766 25

1598 2032 1643 2064 30

1599 2327 1643 2360 35
