1737 2823
98 733 143 766 10

95 1030 138 1063 15

91 1329 137 1362 20

90 1625 135 1656 25

88 1921 133 1955 30

85 2217 130 2250 35

750 83 1006 118 —31—

174 192 366 239 cumbere,
388 193 454 231 sed
475 191 656 231 continuo
677 191 872 242 Ephesum
894 193 1116 242 tragoedum
1138 194 1259 244 coepit
1282 194 1417 233 imitari
1439 202 1474 234 et
1495 197 1580 235 sub-

174 253 261 292 inde
289 251 489 290 dominum
520 264 632 290 suum
662 251 872 301 sponsione
902 265 1107 301 provocare
1137 253 1180 291 ‘si
1203 254 1379 303 prasinus
1400 256 1581 304 proximis

173 310 408 350 circensibus
437 310 602 361 primam
632 310 824 360 palmam'.

278 370 438 408 diffusus
469 371 539 408 hac
568 369 814 408 contentione
843 369 1076 408 Trimalchio
1107 370 1242 409 ‘amici'
1273 370 1394 420 inquit
1415 374 1462 410 ‘et
1484 374 1580 412 servi
1609 378 1651 413 71

170 429 349 468 homines
386 434 476 467 sunt
514 434 550 467 et
588 441 709 478 aeque
748 441 869 466 unum
909 428 1044 466 lactem
1075 429 1266 476 biberunt,
1295 430 1407 468 etiam
1439 431 1468 469 si
1500 432 1580 471 illos

170 489 296 527 malus
334 488 431 526 fatus
469 486 711 538 oppresserit.
758 492 885 526 tamen
926 501 988 526 me
1017 488 1121 526 salvo
1151 489 1223 526 cito
1253 502 1391 538 aquam
1423 490 1579 529 liberam

170 548 391 598 gustabunt.
447 547 494 585 ad
524 560 730 594 summam,
761 559 896 585 omnes
926 547 1008 585 illos
1039 547 1077 585 111
1108 552 1336 587 testamento
1357 562 1442 587 meo
1463 563 1578 588 manu

170 607 292 646 mitto.
347 606 568 656 Philargyro
598 606 712 644 etiam
743 606 904 644 fundum
935 606 1018 656 lego
1047 611 1083 644 et
1112 607 1428 646 contubernalem
1457 621 1580 656 suam,
1631 620 1650 650 2

169 665 322 705 Carioni
344 678 497 715 quoque
526 666 691 704 insulam
721 671 757 703 et
787 665 1007 704 vicesimam
1037 670 1072 704 et
1102 666 1241 704 lectum
1271 672 1446 705 stratum.
1490 682 1579 707 nam
1629 679 1649 709 3

168 725 417 764 Fortunatam
448 738 574 764 meam
603 725 785 763 heredem
814 724 922 771 facio,
953 730 989 763 et
1018 726 1248 763 commendo
1277 725 1379 765 illam
1400 728 1580 766 omnibus

166 783 298 823 amicis
327 784 434 823 meis.
492 790 527 823 et
555 785 650 823 11300
678 784 764 822 ideo
793 784 922 822 omnia
952 784 1116 834 publico,
1147 791 1186 823 ut
1217 785 1357 824 familia
1389 799 1475 825 mea
1503 786 1577 825 iam

165 856 271 883 nunc
310 843 363 883 sic
401 857 464 883 me
504 850 606 883 amet
641 850 825 893 tanquam
854 844 1076 882 mortuum'.
1133 844 1272 893 gratias
1303 858 1414 895 agere
1443 859 1578 885 omnes
1628 855 1648 886 4

167 903 424 953 indulgentiae
453 908 658 954 coeperant
687 903 844 951 domini,
875 916 963 942 cum
993 903 1053 941 ille
1082 903 1221 942 oblitus
1243 917 1433 955 nugarum
1454 918 1578 944 exem-

165 962 246 1012 plar
275 962 492 1002 testamenti
521 962 630 1001 iussit
659 963 784 1002 afferri
821 968 857 1002 et
886 967 1009 1001 totum
1038 976 1060 1001 a
1089 963 1211 1012 primo
1240 965 1287 1002 ad
1317 963 1493 1002 ultimum
1523 964 1579 1002 in-

164 1027 406 1072 gemescente
435 1022 577 1060 familia
605 1022 787 1061 recitavit.
844 1022 1052 1072 respiciens
1073 1022 1210 1061 deinde
1230 1023 1452 1062 Habinnam
1474 1024 1577 1073 ‘quid
1627 1032 1649 1063 ὅ

165 1081 270 1120 dicis'
310 1081 433 1131 inquit
471 1081 604 1120 ‘amice
639 1081 858 1120 carissime?
901 1081 1078 1121 aedificas
1107 1088 1404 1121 monumentum
1432 1096 1575 1130 meum,

165 1141 491 1190 quemadmodum
512 1146 547 1179 te
568 1140 686 1179 iussi?
730 1141 837 1180 valde
857 1145 892 1179 te
921 1154 1026 1191 rogo,
1056 1145 1098 1180 ut
1127 1142 1338 1180 secundum
1368 1143 1483 1192 pedes
1503 1148 1575 1181 sta·
1626 1151 1647 1182 6

164 1205 250 1239 11130
288 1213 396 1239 111030
434 1201 607 1239 0310113111
636 1213 758 1250 ponas
788 1206 824 1239 et
853 1213 1015 1240 coronas
1045 1206 1080 1239 et
1110 1207 1307 1251 unguenta
1336 1207 1372 1239 et
1401 1201 1575 1240 Petraitis

162 1271 298 1298 omnes
336 1273 498 1310 pugnas,
537 1265 579 1299 ut
615 1260 711 1298 mihi
749 1260 945 1310 contingat
983 1265 1047 1299 tuo
1078 1260 1263 1299 beneficio
1292 1266 1377 1311 post
1412 1266 1574 1300 mortem

162 1318 305 1365 vivere;
335 1325 531 1370 praeterea
560 1324 600 1358 ut
629 1319 706 1358 sint
735 1319 774 1358 in
802 1320 926 1358 fronte
956 1320 1071 1370 pedes
1101 1325 1268 1366 centum,
1298 1319 1337 1358 in
1358 1334 1491 1370 agrum
1512 1333 1575 1370 pe-

162 1379 229 1418 des
266 1379 431 1418 ducenti.
488 1392 602 1418 omne
640 1392 761 1429 genus
797 1379 901 1418 enim
930 1392 1046 1429 poma
1081 1381 1166 1418 volo
1195 1379 1271 1418 sint
1300 1379 1399 1419 circa
1427 1381 1573 1419 cineres
1625 1387 1643 1419 7

162 1450 283 1485 111005,
313 1443 348 1477 01
378 1438 577 1477 vinearum
605 1438 768 1488 largiter.
826 1439 933 1477 valde
955 1438 1059 1477 enim
1079 1439 1217 1478 falsum
1239 1444 1295 1478 est
1316 1439 1398 1478 vivo
1419 1439 1573 1488 quidem

161 1497 297 1536 domos
336 1497 456 1536 cultas
494 1511 591 1545 esse,
627 1511 705 1537 non
735 1497 858 1537 curari
888 1511 965 1546 eas,
995 1498 1061 1537 ubi
1089 1498 1230 1537 diutius
1260 1498 1370 1537 nobis
1398 1498 1572 1537 habitan-

161 1557 254 1595 dum
291 1562 360 1596 est.
417 1562 453 1596 et
487 1556 571 1596 ideo
610 1562 699 1596 ante
728 1557 858 1596 omnia
887 1557 984 1596 adici
1012 1558 1117 1597 volo:
1148 1559 1247 1596 “hoc
1276 1563 1571 1597 monumentum
1622 1564 1645 1596 8

160 1617 343 1655 heredem
372 1629 452 1655 non
482 1617 702 1667 sequatur''.
743 1622 911 1656 ceterum
932 1616 1001 1656 erit
1020 1617 1115 1656 mihi
1136 1630 1260 1664 curae,
1282 1623 1323 1656 ut
1343 1622 1571 1656 testamento

160 1688 328 1723 caveam,
357 1689 406 1715 ne
425 1681 601 1715 mortuus
620 1676 799 1715 iniuriam
819 1676 1014 1727 accipiam.
1073 1689 1306 1727 praeponam
1326 1675 1429 1714 enim
1449 1689 1571 1715 unum

160 1747 206 1773 ex
233 1734 378 1774 libertis
407 1736 582 1786 sepulcro
611 1748 697 1775 meo
727 1735 921 1774 custodiae
950 1748 1076 1783 causa,
1113 1749 1163 1775 ne
1196 1736 1235 1774 in
1273 1740 1570 1774 monumentum

158 1808 290 1834 meum
328 1796 492 1846 populus
531 1801 702 1835 cacatum
742 1800 880 1835 currat.
938 1800 974 1834 te
1015 1808 1121 1845 rogo,
1161 1801 1202 1834 ut
1239 1808 1357 1834 naves
1386 1795 1500 1834 etiam
1528 1797 1570 1833 in
1620 1802 1642 1832 9.

158 1856 288 1902 fronte
314 1856 557 1895 monumenti
586 1855 660 1894 mei
690 1855 806 1894 facias
835 1854 958 1906 plenis
987 1855 1078 1894 velis
1107 1860 1255 1902 euntes⁷
1285 1860 1321 1894 et
1349 1867 1411 1893 me
1439 1854 1478 1893 in
1507 1854 1569 1893 tri—

159 1913 290 1953 bunali
331 1916 530 1954 sedentem
572 1920 850 1966 praetextatum
893 1927 981 1953 cum
1022 1914 1146 1953 anulis
1181 1914 1305 1953 aureis
1335 1913 1503 1964 quinque
1533 1919 1570 1952 et

158 1985 340 2013 nummos
382 1974 421 2013 in
460 1974 612 2025 publico
650 1975 697 2014 de
726 1975 877 2013 sacculo
906 1974 1186 2021 effundentem;
1217 1973 1291 2012 5015
1320 1972 1436 2021 0111111,
1466 1975 1567 2023 quod

157 2033 313 2082 epulum
349 2034 434 2072 dedi
470 2034 581 2074 binos
610 2033 799 2074 denarios.
857 2034 1026 2081 saciatur⁷
1057 2032 1087 2072 si
1118 2033 1183 2072 tibi
1204 2033 1361 2079 videtur,
1391 2038 1428 2072 et
1456 2032 1567 2071 111011-
1595 2037 1641 2069 10

158 2090 234 2130 1113.
258 2122 266 2130 .
291 2091 405 2130 facias
434 2097 470 2132 et
498 2098 621 2132 totum
650 2094 834 2144 populum
863 2091 935 2131 sibi
965 2092 1131 2131 suaviter
1151 2091 1364 2131 facientem.
1413 2092 1459 2130 ad
1480 2092 1566 2130 dex·
1594 2096 1634 2129 11

157 2155 279 2190 1013111
308 2163 435 2190 meam
464 2163 586 2202 ponas
614 2157 780 2191 statuam
809 2153 1042 2191 Fortunatae
1069 2164 1178 2190 meae
1198 2151 1415 2191 columbam
1436 2156 1566 2189 tenen-

157 2214 252 2248 tem:
283 2215 319 2249 et
349 2211 520 2250 catellam
550 2211 701 2262 cingulo
730 2212 921 2262 alligatam
950 2213 1083 2250 ducat:
1114 2216 1150 2250 et
1178 2211 1393 2250 cicaronem
1422 2223 1565 2257 meum,

156 2273 193 2307 et
221 2270 429 2320 amphoras
449 2270 623 2321 copiosas
651 2276 841 2322 gypsatas,
880 2284 929 2310 ne
967 2271 1122 2310 effluant
1157 2269 1301 2309 vinum.
1358 2275 1394 2309 et
1423 2282 1564 2308 urnam

154 2326 240 2366 licet
267 2328 425 2368 fractam
455 2329 620 2381 sculpas⁷
650 2335 686 2369 et
715 2343 830 2381 super
858 2343 943 2369 eam
973 2343 1136 2381 puerum
1172 2331 1397 2380 plorantem.
1453 2330 1564 2367 horo-

266 2466 287 2496 6
312 2464 487 2508 oppressit
503 2465 581 2509 Br„
613 2465 701 2499 doch
732 2466 797 2509 vyl.
825 2477 852 2499 c.
879 2468 935 2509 46,
955 2469 986 2499 5.
1012 2484 1058 2490 —
1087 2466 1129 2499 18
1155 2465 1279 2509 pingas
1297 2465 1345 2499 H.
1372 2484 1416 2490 -
1442 2465 1486 2497 :²5
1512 2473 1562 2497 se-

156 2514 275 2559 quitur
299 2517 378 2561 Br„
415 2518 502 2552 doch
535 2519 601 2562 vyl.
630 2519 666 2553 Ο.
691 2519 721 2552 Ι.
746 2520 789 2553 L.
815 2520 855 2562 V,
888 2521 991 2562 3143,
1017 2521 1050 2552 4.
1095 2519 1157 2562 VI,
1185 2520 1286 2552 9958.
1311 2535 1358 2541 -
1390 2517 1492 2559 28fy.
1525 2515 1560 2549 in

156 2570 272 2604 fronte
297 2573 443 2614 erycinzt
471 2571 509 2605 O.
534 2572 669 2606 Keller.
696 2592 741 2597 —
768 2572 868 2615 32709.
895 2571 1009 2606 triclia
1038 2572 1158 2606 Orelli.
1188 2590 1227 2596 —
1256 2571 1300 2605 33
1326 2569 1433 2604 facies
1459 2570 1506 2603 H.
