1737 2823
734 130 991 167 —21—

157 243 216 282 bis
245 243 402 293 prande,
433 242 490 280 bis
519 254 626 280 cena.
683 254 752 291 ego
783 241 895 278 sidem
925 253 1051 278 meam
1081 240 1181 279 malo
1211 253 1324 290 quam
1355 242 1564 281 thesauros.

156 302 204 342 ad
241 314 448 347 summam,
487 300 690 350 quisquam
724 312 786 338 mc
825 299 883 337 bis
922 299 1120 349 poposcit?
1166 299 1280 338 annis
1318 301 1567 350 quadraginta

157 361 311 407 servivi;
351 373 464 399 nemo
504 366 630 398 tamen
662 358 759 404 sciit,
789 364 917 397 utrum
948 372 1080 396 servus
1119 372 1243 397 essem
1282 372 1330 397 an
1370 360 1474 398 liber.
1531 366 1567 399 et

160 433 253 471 puer
281 420 477 470 capillatus
507 419 544 457 in
574 419 676 457 hanc
706 417 896 456 coloniam
927 417 1030 464 veni3
1060 418 1184 456 adhuc
1214 418 1368 456 basilica
1389 432 1466 456 non
1487 425 1565 457 erat

110 487 132 519 5
157 479 266 518 sacta.
324 478 408 518 dedi
447 483 575 517 tamen
615 490 783 528 operam,
823 482 864 515 ut
902 476 1058 515 domino
1096 477 1187 515 satis
1217 478 1391 524 facerem,
1422 478 1567 516 homini

158 538 331 578 maiiesto
360 543 396 576 et
425 536 648 587 dignitosso‚
679 537 786 575 cuius
816 535 934 586 pluris
964 542 1043 575 erat
1072 536 1223 586 unguis,
1254 549 1370 586 quam
1399 542 1438 575 tu
1470 542 1569 575 totus

158 611 212 637 es.
268 602 304 636 et
345 597 536 636 habebam
575 595 612 634 in
653 597 780 643 domo,
821 595 884 645 qui
921 595 1015 633 mihi
1054 596 1189 645 pedem
1227 601 1464 645 opponerent
1498 598 1570 634 hac

158 657 261 704 illac;
300 655 623 706 tamen—genio
661 655 759 693 illius
795 654 934 705 gratias
953 677 998 680 -—
1017 654 1178 693 enatavi.
1234 655 1329 693 haec
1365 659 1455 693 sunt
1485 667 1572 693 vera

158 716 283 763 athla;
314 729 405 754 nam
436 715 511 763 [in]
543 715 753 765 ingenuum
783 713 888 753 nasci
919 719 996 752 tam
1026 714 1133 752 facile
1162 719 1218 753 est
1255 726 1371 763 quam
1410 715 1571 752 “accede

89 782 134 815 10
157 775 293 815 istoc'’.
349 775 439 824 quid
470 787 573 813 nunc
603 779 733 824 stupes
763 779 947 822 tanquam
976 772 1106 811 hircus
1136 772 1174 811 in
1204 772 1370 811 ervilia?'

265 839 350 884 post
387 834 461 872 hoc
498 834 641 872 dictum
680 832 808 879 Giton,
848 833 912 882 qui
948 833 995 870 ad
1037 832 1150 882 pedes
1180 833 1316 878 stabat,
1346 832 1466 870 risum
1496 832 1570 870 iam
1597 856 1605 867 .

158 893 223 932 diu
252 905 516 943 compressum
547 892 660 931 etiam
690 892 909 930 indecenter
938 891 1079 930 effudit.
1138 892 1237 941 quod
1277 903 1364 929 cum
1403 890 1572 930 animad-

158 953 333 992 vertisset
361 951 600 991 adversarius
629 951 785 1001 Ascylti,
816 951 917 989 ssexit
946 951 1159 989 convicium
1189 950 1226 988 in
1257 963 1417 1000 puerum
1454 955 1490 989 et
1520 952 1571 988 ‘tu

159 1012 301 1052 autem'
332 1012 454 1061 inquit
483 1011 609 1050 ‘etiam
641 1017 680 1050 tu
712 1011 822 1057 rides
854 1023 946 1060 cepa
965 1010 1128 1049 cirrata?
1158 1013 1195 1048 io
1218 1009 1448 1056 Saturnalia,
1470 1021 1573 1059 rog0,

91 1080 135 1112 15
160 1071 306 1110 mensis
335 1071 538 1110 december
566 1074 648 1109 est?
678 1071 832 1119 quando
861 1069 1081 1108 vicesimam
1102 1069 1339 1107 numerasti?
1485 1068 1573 1118 quid

161 1131 283 1178 faciat,
322 1129 444 1169 crucis
482 1130 583 1176 offla,
622 1142 824 1168 corvorum
863 1128 1015 1167 cibaria.
1074 1128 1228 1175 curabo,
1265 1127 1340 1166 iam
1380 1126 1445 1166 tibi
1475 1127 1571 1166 Iovis

160 1190 280 1229 iratus
309 1189 368 1237 sit,
398 1195 434 1228 et
463 1189 523 1228 isti
553 1189 616 1238 qui
646 1188 712 1227 tibi
742 1202 822 1227 non
850 1188 1024 1238 imperat.
1082 1188 1133 1226 ita
1168 1192 1273 1226 satur
1293 1200 1391 1237 pane
1412 1187 1513 1234 tiam,
1534 1191 1574 1225 ut

160 1262 231 1300 ego
267 1248 369 1288 istud
407 1248 617 1287 conliberto
655 1261 741 1287 meo
771 1249 894 1295 dono3
933 1246 1101 1297 alioquin
1141 1247 1216 1285 iam
1246 1247 1311 1285 tibi
1350 1247 1572 1297 depraesen-

161 1308 301 1347 tiarum
330 1307 592 1347 reddidissem.
640 1308 739 1346 bene
768 1319 839 1345 nos
859 1307 1060 1354 habemus,
1091 1311 1130 1345 at
1158 1305 1219 1344 isti
1248 1319 1384 1356 nugae,
1415 1305 1478 1355 qui
1507 1303 1573 1343 tibi

91 1375 136 1408 20
162 1379 242 1406 non
272 1367 473 1417 imperant.
530 1367 642 1417 plane
672 1365 793 1416 qualis
823 1366 1014 1413 dominus,
1045 1365 1129 1404 talis
1158 1370 1194 1403 et
1223 1378 1366 1403 servus.
1424 1364 1484 1402 vix
1514 1375 1575 1402 me

163 1431 288 1474 teneo,
327 1438 398 1465 nec
432 1439 520 1465 sum
548 1431 693 1475 ,natura
721 1425 1024 1472 caldicerebrius,
1053 1426 1119 1463 sed
1148 1437 1236 1463 cum
1265 1423 1383 1474 coepi,
1413 1429 1575 1462 matrem

162 1498 289 1524 meam
319 1485 504 1536 dupundii
534 1498 613 1524 non
642 1485 750 1524 facio.
807 1490 920 1532 recte,
949 1485 1084 1523 videbo
1113 1488 1150 1522 te
1178 1484 1217 1522 in
1247 1484 1454 1534 publicum,
1475 1495 1574 1529 muS,

162 1544 282 1584 immo
312 1550 434 1584 terrae
463 1545 592 1584 tuber:
623 1558 694 1584 nec
723 1557 878 1584 sursum
908 1557 978 1583 nec
1007 1544 1189 1583 deorsum
1218 1556 1297 1582 non
1334 1555 1475 1589 cresco,
1505 1541 1577 1580 nisi

163 1603 366 1643 dominum
395 1609 504 1643 tuum
533 1603 574 1642 in
603 1610 711 1643 rutae
739 1603 872 1642 folium
901 1616 981 1642 non
1010 1602 1168 1650 conieci,
1203 1615 1274 1641 nec
1307 1601 1373 1641 tibi
1412 1613 1579 1652 parsero,

93 1670 139 1702 25
163 1662 251 1702 licet
286 1663 526 1703 mehercules
566 1664 693 1702 Iovem
728 1663 946 1713 Olympium
977 1663 1130 1701 clames.
1187 1661 1342 1709 curabo,
1372 1662 1484 1711 longe
1513 1659 1578 1698 tibi

165 1721 215 1761 sit
243 1722 395 1762 comula
434 1722 507 1762 ista
547 1722 689 1762 besalis
732 1728 768 1761 et
810 1723 989 1761 dominus
1019 1721 1321 1771 dupunduarius.
1379 1725 1492 1767 recte,
1521 1731 1580 1757 ve-

166 1782 249 1821 nies
291 1783 363 1821 sub
406 1783 581 1821 dentem:
622 1787 688 1821 aut
728 1795 797 1832 ego
838 1794 915 1820 non
956 1794 1018 1820 mc
1047 1781 1147 1827 novi,
1177 1785 1349 1819 autnon
1379 1778 1579 1825 deridebis,

163 1840 251 1880 licet
279 1841 440 1880 barbam
469 1854 626 1880 auream
654 1841 811 1880 habeas.
859 1840 1016 1879 Athana
1044 1839 1111 1878 tibi
1140 1839 1235 1878 irata
1264 1839 1323 1886 sit,
1353 1838 1510 1885 curabo,
1545 1842 1581 1876 et

167 1900 231 1949 qui
260 1905 296 1939 te
325 1900 472 1951 primus
501 1901 702 1947 †deur0de
731 1900 827 1938 fecit.
875 1913 955 1938 non
985 1899 1096 1937 didici
1125 1898 1365 1949 geometrias,
1398 1896 1526 1936 critica
1545 1901 1581 1935 et

96 1968 144 2000 :30
169 1959 312 2010 alogias
352 1959 560 2008 Menenias‚
603 1961 670 1999 sed
711 1959 915 2010 lapidarias
956 1959 1101 1998 litteras
1142 1958 1232 2005 scio,
1270 1963 1396 2008 partes
1425 1961 1580 1995 centum

168 2019 252 2058 dico
289 2020 337 2059 ad
376 2032 454 2067 aes,
492 2021 540 2059 ad
569 2020 732 2070 pondus,
764 2020 812 2058 ad
841 2032 1058 2058 nummum.
1115 2018 1162 2056 ad
1192 2029 1398 2063 summam,
1429 2015 1459 2054 si
1489 2015 1579 2064 quid

169 2077 237 2125 vis,
275 2090 345 2129 ego
383 2083 420 2122 et
448 2083 489 2117 tu
518 2079 854 2129 sponsiunculam:
886 2078 958 2125 exi,
989 2078 1115 2116 defero
1144 2077 1324 2115 lamnam.
1382 2075 1458 2114 iam
1487 2074 1582 2113 scies

168 2142 316 2187 patrem
363 2142 472 2176 tuum
525 2138 721 2177 mercedes
770 2137 992 2188 perdidisse,
1041 2135 1212 2186 quamvis
1260 2140 1296 2174 et
1352 2133 1581 2173 rhetoricam

169 2195 256 2236 scis.
313 2209 400 2236 ecce

97 2266 144 2298 35
277 2255 368 2306 “qui
397 2256 443 2295 de
473 2256 584 2295 nobis
611 2255 726 2306 longe
755 2255 879 2302 venio,
907 2255 981 2294 late
1010 2254 1145 2293 venio?
1175 2253 1278 2293 solve
1306 2252 1408 2291 me''.

169 2314 295 2354 dicam
321 2315 402 2363 tibi,
431 2315 495 2365 qui
524 2316 571 2355 de
600 2315 712 2354 nobis
741 2315 858 2354 currit
887 2321 924 2353 et
951 2315 998 2353 de
1025 2314 1109 2352 loco
1129 2325 1206 2351 non
1229 2317 1422 2357 movetu1·;
1452 2309 1514 2360 qui
1536 2311 1582 2348 de

278 2460 299 2492 6
325 2458 410 2493 mali
435 2458 504 2493 isto
526 2459 575 2493 Η.
595 2478 638 2483 -
667 2459 708 2492 16
734 2458 825 2492 viell.
844 2457 998 2491 Komma
1023 2455 1143 2489 himer
1166 2453 1272 2488 faciat
1297 2465 1343 2487 zu
1368 2451 1510 2496 til-qen&
1538 2470 1582 2476 —

176 2512 217 2544 19
242 2514 305 2545 aut
328 2510 387 2546 isti
413 2522 526 2555 geuge
544 2512 592 2546 H.
610 2530 656 2536 —
683 2512 723 2545 ⁶21
753 2510 831 2553 nec]
858 2513 893 2544 et
910 2511 959 2544 H.
985 2529 1029 2535 —
1056 2510 1096 2542 21
1127 2508 1250 2542 caldus
1276 2505 1445 2541 cieereius
1462 2505 1512 2539 H.
1539 2522 1581 2527 —

172 2565 219 2598 24
253 2564 405 2599 coniecit
436 2566 485 2598 H.
517 2583 562 2589 —
600 2565 644 2598 :29
678 2565 770 2598 viell.
803 2562 1061 2607 depudetecit*.
1124 2562 1303 2595 Dahinter
1337 2559 1455 2593 Lc’icke
1491 2556 1583 2590 nach

172 2617 313 2652 Friedl.
340 2636 382 2642 —
411 2617 456 2651 30
480 2616 619 2652 menias
642 2617 766 2651 HBr.*
792 2636 837 2642 —
863 2617 909 2650 34
933 2616 1006 2650 scio
1029 2615 1077 2649 ΙΙ.
1104 2635 1148 2640 —
1174 2614 1219 2648 35
1244 2612 1389 2656 quidem
1414 2610 1515 2645 vobis
1533 2610 1582 2643 H.

1598 487 1639 518 10

1599 664 1638 695 11
