1737 2823
564 216 1200 270 Encolpus-Grabschrift.

282 291 372 331 CIL.
403 292 463 339 Vl,
497 293 641 330 14672.
699 293 816 330 luscr.
847 292 1014 331 Graecae
1043 293 1116 331 Sic.
1148 294 1189 331 lt.
1225 294 1337 332 1746.

281 351 326 390 D.
350 352 398 390 M.
455 350 636 390 Cerelliae
665 351 896 389 Fortunatae
930 351 1081 401 coniugi
1116 351 1347 399 carissimae,
1387 366 1473 391 cum
1510 368 1583 403 qua

174 423 212 449 u.
241 411 313 458 (=
342 410 444 459 uiti)
478 424 568 449 ann.
598 410 663 448 XL
693 423 722 448 s.
753 423 789 448 u.
821 423 855 459 q.
887 412 957 458 (z
985 413 1067 448 se'ne
1099 412 1177 448 ulla
1207 413 1406 460 querella),
1435 412 1484 450 M.
1507 414 1583 450 Au-

175 469 303 508 tonius
323 470 513 519 Encolpus
533 468 618 508 secit
638 468 708 507 sibi
729 474 765 507 et
790 469 961 507 Antonio
979 469 1179 508 Athenaeo
1207 470 1341 508 liberto
1371 478 1440 509 su'o
1469 471 1584 510 karis-

175 529 273 568 simo
292 534 328 568 et
347 528 490 567 libertis
509 529 794 578 libertabusque
809 541 942 566 eorum
959 534 995 566 et
1011 528 1186 578 posteris,
1210 554 1253 557 —
1272 535 1429 579 excepto
1445 530 1493 568 M.
1507 531 1584 569 An-

175 588 280 627 tonio
307 587 540 634 Athenione,
578 600 693 636 quern
722 592 805 625 veto
836 586 874 624 in
905 599 949 625 eo
978 587 1217 626 monimento
1256 588 1401 626 aditum
1429 589 1585 635 habere,

175 660 300 697 neque
333 646 403 686 iter
436 645 623 685 ambitum
659 646 857 684 introitum
886 646 1006 684 ullum
1035 646 1073 684 in
1102 659 1146 685 eo
1175 647 1329 693 habere,
1370 660 1495 697 neque
1530 662 1585 687 se-

175 707 349 758 pulturae
377 719 492 745 causa
520 705 697 755 reliquias
726 705 807 744 eius
836 711 1154 755 posterorumque
1183 706 1264 744 eius
1295 706 1441 754 inferri3
1485 709 1586 756 quod

175 765 294 816 siquis
331 766 514 805 adversus
552 766 625 804 hoc
667 765 752 814 quis
791 764 931 811 fecerit,
974 770 1066 804 tunc
1102 765 1134 803 is
1173 765 1236 814 qui
1275 765 1401 804 fecerit
1439 779 1586 816 poenae

173 825 332 864 nomine
374 824 617 875 pontificibus
663 829 728 863 aut
771 824 1018 863 antescolaris
1056 823 1245 874 virginum
1288 824 1355 863 HS
1395 825 1423 863 L
1462 839 1513 864 m.
1546 839 1583 864 n.

175 885 247 932 (=
275 886 415 923 multae
441 883 611 932 nomine)
649 883 788 922 inferre
817 883 982 930 debabit,
1020 883 1104 922 ideo
1139 883 1229 933 quia
1257 896 1318 922 me
1346 896 1416 933 pos
1445 885 1586 923 multas

174 943 334 983 iniurias
362 949 560 994 parentem
589 942 661 981 sibi
690 942 948 992 amnegaverit
970 966 1016 970 ——
1042 947 1078 980 et
1098 942 1143 981 A.
1164 942 1268 981 Lelio
1288 942 1427 992 Apeliti
1457 942 1585 982 clienti

175 1003 394 1042 karissimo:
442 1015 556 1053 quem
591 1002 754 1041 boluerit
791 1001 1008 1041 donationis
1045 1015 1160 1041 causa
1196 1002 1437 1052 sarcofagum
1475 1003 1587 1053 eligat

175 1062 260 1109 sibi,
290 1067 397 1113 opter
426 1063 527 1112 quod
555 1062 595 1100 in
624 1067 702 1100 tam
737 1075 854 1100 mana
888 1062 994 1100 clade
1028 1075 1108 1100 non
1142 1074 1205 1100 me
1240 1061 1444 1111 reliquerit,
1479 1062 1586 1101 cuius

176 1121 360 1160 beneficia
387 1121 495 1160 abeo.

555 1180 629 1228 (Es
655 1182 783 1231 folyen
808 1181 1039 1231 yriechische
1066 1180 1213 1227 Verse.)

281 1245 328 1284 A.
358 1245 509 1284 Laelius
536 1245 703 1295 Apelles⁷
741 1245 780 1283 in
818 1246 892 1284 hoc
930 1251 1184 1284 monumento
1219 1245 1363 1284 aditum
1398 1244 1586 1284 ambitum

176 1305 288 1344 iubeo
326 1305 481 1344 habere.
541 1305 650 1343 Iusso
688 1305 835 1343 Antoni
873 1304 1032 1354 Encolpi
1069 1304 1138 1343 Olo
1173 1304 1276 1343 Lelio
1305 1304 1468 1354 Apelleti
1507 1317 1586 1344 uno

177 1364 402 1414 sarchofago
429 1363 526 1403 itum
554 1364 743 1403 ambitum
771 1364 914 1402 habere
943 1365 1116 1410 deueuet,
1146 1364 1268 1402 amico
1297 1363 1453 1413 optimo.

282 1425 358 1463 Die
384 1425 579 1463 Personen
616 1426 742 1462 dieser
768 1425 959 1472 Inschrift
987 1425 1138 1462 brachte
1165 1425 1340 1462 Niebuhr
1367 1424 1587 1462 irrtz'imlieh

176 1486 245 1522 mit
273 1485 394 1522 denen
422 1485 479 1522 bei
506 1484 714 1522 Petronius
750 1497 968 1522 zusammen
1005 1485 1087 1522 und
1122 1489 1236 1521 setzte
1272 1484 1392 1521 daher
1420 1485 1483 1521 die
1509 1484 1587 1521 Ab-

175 1544 337 1594 fassuny
364 1544 429 1582 des
467 1543 620 1582 Werkes
655 1545 698 1582 in
726 1545 798 1581 das
825 1545 862 1581 3.
882 1542 989 1581 Jhclt.
1020 1556 1057 1581 n.
1083 1543 1173 1581 Chr.
1203 1543 1336 1590 (anter
1363 1544 1588 1581 Alexander

179 1602 367 1650 Severus).
430 1603 541 1641 Nach
574 1603 792 1652 Buecheler,
830 1603 967 1640 Rhein.
998 1602 1098 1640 Mus.
1129 1604 1194 1651 51,
1223 1603 1312 1651 472,
1351 1603 1482 1651 qehb‘rt
1523 1602 1587 1639 die

175 1661 364 1710 Inschrift
391 1663 505 1700 sehon
533 1663 603 1700 der
632 1662 716 1699 Zeit
743 1663 813 1700 der
840 1663 1036 1700 Antonine
1064 1675 1127 1700 an.
