1732 2844
113 221 214 270 quod
243 219 350 258 vobis
379 233 455 258 non
488 219 661 266 dixerim,
692 224 727 257 et
757 232 861 257 nunc
890 219 941 256 mi
990 223 1133 257 restare
1171 218 1267 257 vitae
1298 232 1422 258 annos
1460 219 1522 258 tri-

113 279 217 329 ginta
237 284 273 317 et
292 291 446 317 menses
467 283 644 328 quattuor
675 283 710 316 et
740 279 819 316 dies
849 279 957 316 duos,
1015 283 1210 328 praeterea
1238 278 1310 316 cito
1339 278 1519 329 accipiam

112 339 374 378 hereditatem.
424 339 497 376 hoc
539 337 632 376 mihi
674 338 761 376 dicit
803 338 902 376 fatus
940 351 1061 376 meus.
1119 338 1219 387 quod
1259 338 1289 376 si
1324 338 1522 388 contigerit

114 400 253 437 fundos
292 398 451 448 Apuliae
489 398 657 447 iungere,
696 398 787 436 satis
827 398 932 436 vivus
972 411 1191 447 pervenero.
1249 398 1400 436 interim
1430 399 1521 437 dum

112 457 323 496 Mercurius
353 457 490 507 vigilat,
521 457 713 495 aedificavi
741 457 843 495 hanc
873 458 1042 495 domum.
1091 462 1131 495 ut
1152 457 1265 504 scitis,
1287 470 1404 496 cusuc
1424 464 1520 505 erat;

113 530 218 555 nunc
249 517 434 567 templum
464 521 531 555 est.
589 517 705 554 babet
736 521 914 565 quattuor
934 516 1166 564 cenationes,
1187 517 1361 555 cubicula
1381 516 1523 567 viginti,

113 577 281 626 porticus
309 581 563 614 marmoratos
591 576 699 621 duos,
721 588 856 614 susum
877 575 1129 622 cenationem,
1151 576 1367 614 cubiculum
1389 576 1427 614 in
1448 589 1523 626 quo

112 636 193 687 ipse
222 635 382 683 dormio,
412 635 562 685 viperae
589 635 704 672 huius
734 634 955 681 sessorium,
977 634 1118 673 ostiarii
1139 635 1271 673 cellam
1292 636 1521 686 perbonam3

112 694 323 746 hospitium
353 695 522 744 hospites
552 694 662 744 capit.
720 695 767 732 ad
787 707 995 741 summam,
1017 694 1185 732 Scaurus
1206 707 1293 732 cum
1312 696 1388 733 huc
1408 694 1522 742 venit,

114 768 305 804 nusquam
343 753 525 792 mavoluit
559 753 756 803 hospitari,
796 757 831 791 et
860 753 976 791 habet
1004 754 1052 792 ad
1080 767 1186 792 mare
1206 759 1408 803 paternum
1436 755 1522 792 hos-

114 814 260 864 pitium.
318 818 353 852 et
380 813 501 851 multa
530 812 603 851 alia
632 817 734 860 sunt,
765 825 861 861 quae
891 812 1019 850 statim
1048 812 1156 851 vobis
1186 814 1397 852 ostendam.
1446 826 1523 852 cre-

113 873 187 912 dite
214 873 326 911 mihi:
357 885 483 911 assem
511 872 669 916 habeas,
699 884 825 910 assem
859 872 1001 919 valeas3
1029 872 1163 919 habes,
1198 871 1412 911 habeberis.
1469 872 1523 911 sic

114 933 259 972 amicus
296 938 432 977 vester,
472 932 535 981 qui
573 931 641 970 fuit
679 945 784 978 rana,
823 944 927 969 nunc
966 937 1022 969 est
1051 945 1129 970 rex.
1187 931 1351 979 interim,
1382 931 1522 979 Stiche,

114 993 239 1043 profer
267 992 403 1038 vitalia,
434 992 471 1029 in
502 991 639 1040 quibus
668 991 752 1029 volo
782 1004 844 1029 me
873 991 1008 1029 efferri.
1066 991 1190 1041 profer
1220 996 1256 1029 et
1282 996 1522 1041 unguentum

114 1057 149 1091 et
180 1065 225 1090 ex
255 1052 318 1090 illa
347 1051 534 1101 amphora
562 1055 728 1100 gustum,
759 1063 805 1088 ex
835 1063 910 1099 qua
938 1051 1052 1089 iubeo
1081 1051 1196 1089 lavari
1225 1063 1313 1089 ossa
1341 1051 1452 1089 mea'.

220 1124 298 1149 non
327 1116 384 1149 est
412 1115 583 1149 moratus
614 1110 780 1157 Stichus,
811 1111 877 1148 sed
906 1115 942 1149 et
971 1110 1178 1160 stragulam
1208 1111 1334 1148 albam
1364 1115 1400 1149 et
1419 1123 1524 1161 prae-

114 1175 258 1209 textam
287 1170 326 1209 in
356 1170 562 1209 triclinium
592 1170 714 1208 attulit

114 1230 300 1280 iussitque
337 1243 410 1268 nos
448 1234 647 1279 temptare,
687 1243 736 1267 an
776 1229 888 1267 bonis
915 1228 1014 1267 lanis
1044 1234 1172 1267 essent
1202 1229 1383 1268 confecta.
1440 1234 1522 1267 tum

115 1290 318 1329 subridens
358 1289 454 1328 ‘vide
495 1290 546 1327 tu'
586 1288 709 1338 inquit
740 1289 894 1336 ‘Stiche,
934 1301 984 1327 ne
1012 1288 1084 1326 ista
1111 1301 1241 1326 mures
1271 1293 1430 1338 tangant
1458 1293 1523 1326 aut

114 1350 256 1397 tineae3
287 1349 455 1399 alioquin
485 1353 520 1387 te
549 1348 677 1386 vivum
707 1349 943 1386 comburam.
988 1361 1056 1398 ego
1077 1347 1264 1397 gloriosus
1283 1348 1368 1386 volo
1388 1347 1523 1395 efferri,

116 1416 156 1449 ut
185 1415 287 1449 totus
315 1408 411 1447 mihi
439 1409 602 1459 populus
632 1409 729 1446 bene
758 1407 1013 1458 imprecetur'.
1062 1407 1189 1445 statim
1210 1408 1418 1457 ampullam
1439 1421 1523 1446 nar·

116 1470 153 1508 di
192 1468 339 1519 aperuit
376 1481 588 1517 omnesque
623 1481 695 1506 nos
733 1468 843 1505 unxit
882 1472 917 1505 et
953 1467 1089 1517 ‘spero'
1119 1466 1243 1516 inquit
1271 1463 1524 1506 ‘futurum'ut

115 1541 235 1578 aeque
272 1541 336 1566 me
373 1532 569 1566 mortuum
607 1526 709 1566 iuvet
738 1532 923 1576 tanquam
953 1525 1106 1564 vivum'.
1163 1540 1254 1564 nam
1283 1526 1416 1565 vinum
1445 1527 1524 1576 qui-

115 1589 202 1627 dem
231 1588 270 1626 in
300 1587 490 1626 vinarium
519 1586 628 1625 iussit
656 1586 804 1625 infundi
835 1592 870 1624 et
901 1588 1043 1636 ‘putate
1074 1586 1151 1624 vos'
1182 1585 1232 1624 ait
1261 1587 1322 1624 ‘ad
1351 1591 1524 1637 parenta-

114 1648 163 1686 lia
191 1661 278 1686 mea
306 1647 483 1685 invitatos
513 1647 622 1685 esse’.

222 1707 299 1745 ibat
339 1720 398 1745 res
435 1708 481 1744 ad
512 1719 705 1744 summam
736 1719 935 1753 nauseam,
965 1719 1053 1744 cum
1084 1705 1317 1743 Trimalchio
1346 1705 1526 1744 ebrietate

116 1766 337 1817 turpissima
365 1766 489 1816 gravis
519 1779 662 1804 novum
692 1779 882 1813 acroama,
913 1766 1139 1812 cornicines,
1168 1765 1207 1803 in
1227 1765 1433 1804 triclinium
1453 1765 1526 1803 ius-

117 1827 164 1865 sit
193 1826 341 1871 adduci,
371 1826 563 1874 fultusque
592 1824 838 1863 cervicalibus
868 1825 998 1863 multis
1015 1824 1184 1863 extendit
1204 1837 1245 1863 sc
1265 1837 1379 1874 super
1398 1830 1526 1863 torum

117 1892 332 1925 extremum
361 1891 396 1924 et
425 1884 569 1935 ‘fingite
597 1886 670 1923 me'
700 1885 822 1934 inquit
854 1886 1059 1923 ‘mortuum
1089 1897 1183 1922 esse.
1241 1883 1352 1923 dicite
1386 1883 1527 1933 aliquid

116 1945 228 1983 belli'.
286 1958 524 1983 consonuere
554 1944 769 1983 cornicines
798 1944 948 1982 funebri
979 1943 1149 1994 strepitu.
1204 1956 1305 1982 unus
1325 1943 1527 1994 praecipue

117 2018 249 2044 servus
285 2004 480 2043 libitinarii
516 2004 628 2051 illius,
668 2004 731 2054 qui
768 2004 867 2043 inter
895 2004 967 2042 hos
1001 2003 1297 2042 honestissimus
1326 2008 1419 2051 erat,
1448 2008 1527 2042 tarn

117 2065 225 2103 valde
267 2064 445 2111 intonuit,
489 2070 529 2103 ut
570 2069 688 2103 totam
731 2063 939 2102 concitaret
981 2062 1170 2102 viciniam.
1228 2063 1354 2112 itaque
1387 2063 1527 2113 vigiles,

118 2124 181 2173 qui
220 2124 486 2163 custodiebant
525 2124 689 2162 vicinam
727 2124 934 2174 regionem,
973 2123 1043 2162 rati
1072 2124 1204 2177 ardere
1233 2121 1527 2161 Trimalchionis

119 2185 288 2231 domum,
331 2185 561 2234 effregerunt
599 2184 755 2223 ianuam
794 2184 919 2222 subito
949 2188 984 2222 et
1013 2196 1099 2221 cum
1129 2196 1228 2232 aqua
1256 2182 1528 2231 securibusque

119 2243 341 2290 tumultuari
379 2257 448 2282 suo
488 2244 573 2282 iure
608 2248 826 2294 coeperunt.
884 2256 955 2281 nos
985 2243 1225 2281 occasionem
1255 2240 1527 2292 opportunissi—

119 2317 223 2341 mam
263 2304 363 2342 nacti
396 2303 680 2353 Agamemnoni
721 2303 836 2341 verba
865 2302 1039 2341 dedimus
1068 2302 1281 2352 raptimque
1309 2306 1388 2339 tam
1416 2300 1529 2350 plane

120 2376 235 2411 quam
265 2376 311 2401 ex
342 2362 518 2401 incendio
547 2363 725 2413 fugimus.

226 2471 247 2497 r)
283 2464 403 2497 casula
429 2465 511 2504 Bm:
550 2465 641 2498 viell.
679 2463 850 2497 casuclafl‘
885 2484 929 2488 —
965 2463 983 2496 7
1017 2460 1243 2496 marmoratis
1268 2462 1319 2495 H.
1355 2480 1391 2485 -—
1429 2460 1529 2494 cella-

120 2517 253 2550 tionem
281 2518 327 2552 H.
356 2537 398 2540 —
426 2518 465 2550 31
495 2517 705 2551 libertinarii
732 2518 778 2550 H.
811 2536 855 2539 -
889 2517 990 2551 Viell.
1017 2516 1108 2550 inter
1133 2515 1247 2549 suos*

1572 465 1591 496 tn

1552 760 1594 792 10

1551 1060 1593 1091 15

1550 1355 1595 1387 20

1552 1653 1595 1684 25

1553 1949 1598 1980 30

1554 2247 1598 2279 35
