1732 2844
780 74 1039 112 „32-

203 183 345 233 logium
374 183 413 221 in
443 183 581 231 medio,
612 189 652 222 ut
682 184 853 234 quisquis
883 185 997 224 horas
1027 184 1214 235 inspiciet,
1235 185 1321 224 velit
1341 185 1449 234 nolit,
1471 200 1612 228 nomen

133 251 175 283 12
202 256 332 281 meum
372 243 482 293 legat.
540 244 735 294 inscriptio
779 257 930 293 quoque
971 244 1052 282 vide
1090 244 1288 294 diligenter
1326 245 1357 284 si
1393 245 1489 285 haec
1523 247 1611 287 satis

202 302 339 341 idonea
377 302 444 341 tibi
482 302 647 341 videtur:
687 304 753 341 “C.
785 302 991 353 Pompeius
1031 303 1264 342 Trimalchio
1304 305 1612 346 Maecenatianus

201 362 263 400 hic
291 361 502 412 requiescit.
559 362 648 401 huic
678 363 862 401 seviratus
892 362 1041 400 absenti
1062 363 1235 402 decretus
1256 368 1324 402 est.
1367 376 1456 402 cum
1487 371 1613 414 posset

202 421 241 459 in
271 421 451 460 omnibus
480 421 642 460 decuriis
662 422 809 460 Romae
830 434 925 468 esse,
948 426 1077 460 tamen
1099 421 1230 460 noluit.
1274 421 1371 472 pius,
1392 422 1511 470 fortis,
1527 424 1612 463 fide-

202 481 258 528 lis,
289 494 335 519 ex
364 494 480 531 parvo
509 481 636 527 crevit,
668 479 885 519 sestertium
916 480 1066 530 reliquit
1096 481 1312 528 trecenties,
1342 494 1414 520 nec
1443 495 1614 532 unquam

203 540 474 590 philosophum
504 540 657 578 audivit.
716 540 814 578 vale:
845 545 881 578 et
911 541 989 578 tu”.

134 600 178 635 52
310 599 406 637 haec
443 604 484 638 ut
519 599 611 637 dixit
650 599 896 646 Trimalchio,
934 600 1024 638 ssere
1052 599 1175 650 coepit
1204 599 1380 639 ubertim.
1437 600 1551 639 flebat
1580 607 1615 640 et

203 660 425 706 Fortunata,
455 659 568 697 ssebat
597 664 633 697 et
661 659 877 706 Habinnas,
908 664 986 697 tota
1015 659 1178 709 denique
1199 660 1351 708 familia,
1372 665 1556 710 tanquam
1576 660 1614 699 in

156 725 176 756 2
203 719 318 757 funus
348 723 491 768 rogata,
521 718 795 757 lamentatione
824 718 1030 757 triclinium
1047 719 1227 770 implevit.
1282 719 1401 758 immo
1430 719 1505 758 iam
1534 732 1615 759 coe-

204 791 334 828 peram
373 777 486 816 etiam
523 790 591 827 ego
630 778 791 827 plorare,
831 791 919 816 cum
955 778 1188 817 Trimalchio
1218 779 1332 829 ‘ergo'
1363 779 1486 829 inquit
1515 780 1615 818 ‘cum

155 843 176 875 3
204 837 370 876 sciamus
401 849 471 875 nos
501 837 708 876 morituros
737 850 833 883 esse,
864 851 982 886 quare
1003 851 1082 876 non
1103 837 1301 877 vivamus?
1330 838 1385 878 sic
1404 851 1471 877 vos
1490 838 1615 878 felices

204 896 365 943 videam,
396 895 630 934 coniciamus
659 909 731 935 nos
761 897 799 935 in
829 897 1026 943 balneum,
1055 910 1141 936 meo
1171 898 1352 947 periculo,
1382 911 1461 937 non
1490 897 1615 948 paeni·

157 961 178 993 4
204 955 307 994 tebit.
365 955 418 993 sic
447 956 543 994 calet
572 961 756 1005 tanquam
785 956 948 995 furnus'.
1006 958 1121 1003 ‘vero,
1149 957 1250 995 vero’
1272 957 1396 1008 inquit
1415 957 1616 997 Habinnas

205 1016 264 1053 ‘de
301 1028 378 1053 una
416 1015 475 1053 die
511 1015 605 1053 duas
635 1015 769 1062 facere,
799 1015 895 1054 nihil
923 1016 1037 1055 malo'
1068 1016 1259 1066 nudisque
1288 1017 1528 1056 consurrexit
1556 1030 1617 1067 pe·

204 1075 316 1112 dibus
345 1079 381 1112 et
410 1073 736 1113 Trimalchionem
765 1076 1011 1125 plaudentem
1041 1076 1224 1125 subsequi
1253 1078 1383 1126 coepit.

157 1139 178 1169 5
311 1146 380 1183 ego
408 1133 616 1184 respiciens
636 1135 683 1173 ad
703 1134 885 1184 Ascylton
908 1134 1011 1184 ‘quid
1033 1135 1211 1185 cogitas?
1233 1135 1393 1185 inquam
1413 1136 1495 1186 ‘ego
1515 1135 1618 1174 enim

205 1191 236 1230 si
272 1192 399 1231 videro
435 1193 628 1241 balneum,
670 1193 797 1232 statim
828 1193 1044 1244 'expirabo'.
1102 1195 1369 1233 ‘assentemur’
1400 1194 1452 1233 ait
1479 1194 1541 1233 ille
1569 1195 1618 1233 ‘et

158 1256 177 1289 7
206 1252 297 1290 dum
335 1252 386 1290 illi
422 1253 605 1291 balneum
644 1258 790 1304 petunt,
830 1267 901 1292 nos
931 1253 970 1291 in
1001 1254 1113 1292 turba
1142 1254 1349 1292 exeamus'.
1407 1266 1495 1292 cum
1524 1254 1619 1293 haec

206 1311 450 1361 placuissent,
485 1313 648 1351 ducente
687 1326 752 1363 per
781 1313 970 1363 porticum
1000 1313 1137 1352 Gitone
1166 1315 1213 1352 ad
1243 1313 1399 1352 ianuam
1428 1313 1615 1361 venimus,

205 1371 272 1410 ubi
309 1371 414 1410 canis
453 1371 668 1411 catenarius
707 1377 814 1411 tanto
853 1386 925 1411 nos
964 1373 1129 1411 tumultu
1165 1372 1324 1423 excepit,
1362 1377 1404 1411 ut
1444 1373 1619 1423 Ascyltos

206 1431 320 1469 etiam
355 1431 394 1469 in
429 1431 616 1482 piscinam
646 1432 834 1471 ceciderit.
891 1445 962 1470 nec
994 1445 1073 1471 non
1103 1445 1172 1482 ego
1203 1445 1355 1482 quoque
1384 1431 1525 1479 ebrius,
1556 1431 1620 1481 qui

206 1490 320 1529 etiam
350 1490 491 1541 pictum
521 1491 725 1530 timueram
755 1504 904 1538 canem,
933 1493 1027 1531 dum
1055 1491 1204 1530 natanti
1225 1505 1338 1542 opem
1357 1491 1449 1539 fero,
1468 1491 1620 1530 ineun-

157 1556 180 1588 8
207 1551 294 1588 dem
329 1550 516 1600 gurgitem
555 1556 698 1589 tractus
729 1564 827 1589 sum.
885 1551 1048 1590 servavit
1077 1564 1148 1590 nos
1177 1556 1307 1589 tamen
1336 1550 1527 1595 atriensis,
1557 1549 1620 1600 qui

207 1610 424 1648 interventu
462 1623 532 1649 suo
567 1615 604 1649 et
633 1624 767 1649 canem
797 1610 957 1660 placavit
986 1616 1022 1649 et
1050 1623 1122 1649 nos
1151 1615 1359 1649 trementes
1389 1609 1552 1649 extraxit
1579 1609 1620 1648 in

160 1675 180 1706 9
207 1668 363 1708 siccum.
420 1674 457 1708 et
495 1668 609 1708 Giton
647 1670 800 1719 quidem
839 1670 915 1708 iam
954 1670 1100 1708 dudum
1137 1683 1178 1709 se
1216 1669 1364 1709 ratione
1402 1669 1621 1709 acutissima

208 1729 420 1767 redemerat
448 1742 471 1767 a
499 1742 611 1776 cane3
652 1728 831 1778 quicquid
869 1729 973 1768 enim
1011 1743 1033 1768 a
1073 1729 1184 1768 nobis
1213 1734 1411 1779 acceperat
1438 1730 1485 1768 de
1513 1741 1619 1775 cena,

207 1788 359 1826 latranti
397 1793 600 1839 sparserat,
632 1790 703 1836 [at]
734 1789 795 1827 ille
823 1794 1004 1827 avocatus
1033 1788 1117 1828 cibo
1146 1789 1315 1828 furorem
1344 1793 1620 1839 suppresserat.

138 1852 182 1885 10
208 1852 376 1886 ceterum
415 1861 503 1886 cum
541 1849 710 1898 algentes
746 1848 876 1897 utique
914 1848 1142 1898 petissemus
1180 1849 1228 1888 ab
1266 1847 1435 1895 atriensi,
1473 1853 1514 1886 ut
1549 1859 1621 1885 nos

209 1912 316 1946 extra
353 1906 509 1946 ianuam
547 1907 748 1954 emitteret,
788 1907 918 1946 ‘erras'
958 1907 1080 1957 inquit
1118 1907 1162 1946 ‘si
1202 1912 1314 1958 putas
1343 1912 1380 1946 te
1418 1905 1521 1946 exire
1548 1907 1621 1945 hac

209 1979 333 2016 posse,
381 1980 456 2016 qua
493 1966 640 2006 venisti.
707 1980 822 2006 nemo
860 1980 1032 2016 unquam
1070 1967 1318 2006 convivarum
1355 1979 1422 2017 per
1460 1966 1622 2006 eandem

140 2029 185 2065 <73
211 2026 366 2065 ianuam
402 2026 566 2065 emissus
601 2031 675 2073 est;
705 2027 778 2065 alia
806 2026 963 2074 intrant,
992 2026 1066 2065 alia
1095 2027 1263 2065 exeunt'.
1320 2025 1410 2076 quid
1438 2025 1622 2064 faciamus

209 2085 387 2124 homines
425 2085 631 2125 miserrimi
668 2091 703 2125 et
742 2085 830 2125 novi
865 2085 1015 2136 generis
1051 2086 1270 2136 labyrintho
1305 2084 1454 2133 inclusi,
1484 2085 1621 2135 quibus

164 2154 184 2184 2
209 2144 327 2183 lavari
362 2144 439 2183 iam
476 2150 652 2195 coeperat
680 2150 811 2183 votum
841 2149 948 2184 esse?
978 2146 1077 2184 ultro
1107 2159 1196 2196 ergo
1225 2144 1454 2195 rogavimus,
1481 2149 1522 2183 ut
1550 2156 1622 2182 nos

211 2205 259 2243 ad
278 2204 460 2243 balneum
480 2205 644 2252 duceret,
666 2203 918 2255 proiectisque
938 2205 1186 2252 vestimentis,
1207 2218 1305 2255 quae
1324 2204 1440 2244 Giton
1458 2203 1499 2242 in
1519 2203 1622 2242 aditu

212 2263 353 2302 siccare
382 2263 516 2314 coepit,
546 2264 726 2302 balneum
756 2264 996 2312 intravimus,
1026 2270 1234 2314 angustum
1262 2264 1403 2303 scilicet
1432 2268 1468 2302 et
1496 2263 1623 2302 cister-

213 2336 285 2362 nae
322 2323 534 2373 frigidariae
563 2323 697 2371 simile,
728 2323 767 2362 in
797 2337 872 2373 quo
901 2324 1134 2363 Trimalchio
1163 2329 1289 2363 rectus
1318 2324 1454 2363 stabat.
1511 2335 1555 2362 ac
1574 2335 1623 2361 ne

213 2382 266 2420 sic
301 2382 453 2432 quidem
488 2382 768 2432 putidissimam
798 2383 878 2422 eius
906 2384 1156 2422 iactationem
1183 2383 1288 2422 licuit
1316 2383 1501 2433 effugere3
1530 2394 1623 2420 nam

158 1199 177 1229 Φ

321 2513 363 2545 16
390 2512 605 2554 gaudentem
622 2513 670 2546 H.
691 2531 734 2537 —-
760 2513 805 2546 ⁶29
831 2511 962 2556 udique
987 2524 1093 2547 verm.
1112 2514 1177 2547 Br.
1196 2533 1241 2539 —
1266 2511 1419 2547 atriense
1436 2512 1562 2546 HR&
1578 2531 1623 2537 —

213 2566 256 2599 37
284 2576 354 2609 qua
379 2566 427 2599 H.

1643 726 1685 762 10

1645 1024 1687 1057 15

1643 1321 1687 1353 20

1645 1619 1687 1651 25

1645 1914 1689 1948 30

1646 2211 1690 2245 35
