1732 2844
749 153 1007 190 ψῃ-

126 274 144 303 :3
173 277 215 302 os
258 276 372 302 suum
409 276 487 302 non
530 264 714 302 coniciet'.
773 264 902 313 ‘atqui'
945 265 1142 315 respondit
1178 265 1380 304 Habinnas
1410 266 1496 305 ‘nisi
1525 266 1587 305 illa

172 323 390 370 discumbit,
419 336 489 373 ego
518 337 580 362 me
609 323 782 373 apoculo'
813 329 848 362 et
878 329 1054 374 coeperat
1084 337 1252 375 surgere,
1276 325 1349 363 nisi
1369 325 1478 373 signo
1499 326 1585 364 dato

125 391 144 422 4
170 383 382 421 Fortunata
423 387 556 432 quater
598 383 763 433 amplius
793 396 815 421 a
843 387 922 421 tota
965 383 1106 422 familia
1147 388 1247 422 esset
1284 389 1428 422 vocata.
1485 385 1587 423 venit

171 454 260 492 ergo
295 442 449 492 galbino
487 442 680 481 succincta
716 442 879 492 cingulo,
910 442 961 480 ita
988 448 1030 480 ut
1059 443 1157 481 infra
1186 443 1360 481 cerasina
1387 448 1586 492 appareret

123 510 143 540 5
170 501 298 540 tunica
326 507 362 540 et
391 501 633 551 periscelides
664 506 782 540 tortae
812 501 1113 551 phaecasiaeque
1144 502 1355 541 inauratae.
1412 507 1504 540 tunc
1525 515 1584 541 su-

170 561 275 599 dario
317 573 457 599 manus
498 566 664 610 tergens,
708 561 809 610 quod
852 561 891 598 in
934 561 1029 599 collo
1066 562 1246 608 habebat,
1275 561 1438 612 applicat
1467 574 1508 600 se
1536 561 1588 600 illi

170 624 265 665 toro,
300 620 338 658 in
376 633 451 669 quo
493 620 665 658 Scintilla
694 620 900 658 Habinnae
929 620 1195 659 discumbebat
1224 634 1332 668 uxor,
1365 621 1588 670 osulataque

170 680 415 729 plaudentem
445 681 516 717 ‘est
545 679 591 717 te'
623 679 747 728 inquit
775 679 957 718 ‘videreP'

123 747 141 778 6
275 752 319 777 eo
349 739 485 777 deinde
515 743 741 788 perventum
771 744 840 785 est,
871 743 911 777 ut
940 740 1151 777 Fortunata
1179 739 1347 778 armillas
1377 752 1466 778 suas
1488 752 1586 778 cras-

169 798 330 836 sissimis
359 798 576 836 detraheret
604 798 754 836 lacertis
785 797 1054 847 Scintillaeque
1083 798 1238 836 miranti
1258 800 1486 838 ostenderet.
1531 800 1584 837 ul-

121 895 124 898 .
170 857 260 896 timo
289 858 402 896 etiam
432 857 673 907 periscelides
702 857 855 895 resolvit
884 863 920 895 et
949 858 1151 896 reticulum
1183 870 1356 904 aureum,
1396 871 1511 907 quem
1540 871 1586 897 ex

123 925 140 957 7
170 918 331 955 obrussa
360 929 443 955 esse
472 916 632 955 dicebat.
691 917 835 954 notavit
860 916 955 955 haec
985 916 1220 955 Trimalchio
1250 917 1434 966 iussitque
1463 918 1587 956 afferri

170 976 300 1014 omnia
335 981 371 1014 et
408 976 567 1014 ‘videtis'
609 976 732 1025 inquit
762 976 944 1014 ‘mulieris
974 977 1199 1026 compedes:
1230 976 1284 1014 sic
1311 988 1384 1014 nos
1413 977 1588 1015 barcalae

170 1036 437 1085 despoliantur.
495 1048 562 1073 sex
592 1036 720 1085 pondo
751 1041 787 1073 et
816 1036 993 1074 selibram
1024 1036 1136 1074 debet
1164 1035 1318 1074 habere.
1376 1040 1412 1074 et
1432 1036 1512 1086 ipse
1534 1036 1588 1074 ni-

169 1095 246 1133 hilo
276 1095 406 1133 minus
434 1095 560 1133 habeo
589 1096 723 1133 decem
753 1096 880 1145 pondo
901 1095 1090 1133 armillam
1111 1108 1157 1134 ex
1178 1095 1390 1134 millesimis
1409 1095 1587 1134 Mercurii

123 1163 142 1194 8
169 1155 331 1193 factam'.
363 1154 497 1192 ultimo
527 1155 654 1202 etiam,
686 1167 735 1192 ne
764 1155 918 1193 mentiri
951 1154 1153 1202 videretur,
1189 1159 1368 1193 stateram
1401 1155 1510 1193 iussit
1538 1155 1589 1194 af-

123 1223 141 1252 9
169 1214 256 1252 ferri
286 1219 323 1252 et
352 1213 615 1252 circumlatum
646 1214 849 1263 approbari
894 1215 1056 1264 pondus.
1119 1227 1189 1253 nec
1229 1214 1364 1253 melior
1405 1215 1588 1261 Scintilla,

172 1286 268 1322 quae
297 1274 344 1312 de
373 1273 517 1312 cervice
547 1287 616 1312 sua
646 1274 850 1323 capsellam
881 1274 1042 1312 detraxit
1071 1274 1278 1322 aureolam,
1301 1288 1417 1324 quam
1436 1274 1588 1312 Felicio-

172 1346 262 1371 nem
300 1333 530 1383 appellabat.
586 1333 676 1371 inde
717 1333 792 1371 duo
834 1333 989 1372 crotalia
1019 1333 1175 1383 protulit
1204 1339 1239 1372 et
1278 1335 1509 1372 Fortunatae
1548 1333 1588 1372 in

171 1393 291 1431 vicem
321 1392 600 1431 consideranda
629 1393 730 1432 dedit
760 1398 795 1430 et
825 1393 995 1431 ‘domini'
1018 1393 1141 1442 inquit
1161 1393 1248 1432 ‘mei
1268 1393 1453 1432 beneficio
1473 1405 1588 1431 nemo

104 1459 146 1490 10
172 1452 289 1491 habet
317 1452 501 1491 meliora'.
559 1452 702 1502 ‘quid‘?⁷
733 1452 856 1501 inquit
885 1452 1088 1491 Habinnas
1119 1452 1414 1491 ‘excatarissasti
1447 1465 1519 1499 me,
1549 1457 1590 1490 ut

172 1511 237 1550 tibi
267 1524 435 1550 emerem
465 1512 592 1550 fabam
622 1512 793 1550 vitream.
851 1512 964 1561 plane
992 1512 1022 1550 si
1058 1512 1174 1550 filiam
1208 1512 1406 1560 haberem,
1441 1511 1590 1550 auricu-

1614 804 1658 838 10

1615 1103 1658 1136 15

1616 1399 1660 1432 20

170 1571 226 1609 las
264 1571 315 1608 illi
357 1571 627 1621 praeciderem.
684 1571 865 1609 mulieres
906 1571 936 1609 si
973 1584 1051 1609 non
1083 1577 1224 1618 essent,
1254 1572 1384 1610 omnia
1412 1584 1481 1621 pro
1509 1571 1589 1609 luto
1641 1579 1645 1581 ’

169 1630 420 1678 haberemus3
461 1644 565 1669 nunc
602 1631 676 1669 hoc
715 1636 770 1669 est
799 1631 961 1681 ⁹caldum
990 1631 1131 1669 meiere
1161 1636 1196 1669 et
1225 1631 1402 1681 frigidum
1431 1630 1587 1680 potare'.

103 1700 142 1730 11
280 1690 433 1728 interim
462 1691 641 1729 mulieres
671 1691 823 1729 sauciae
852 1691 950 1729 inter
980 1704 1021 1729 se
1049 1691 1217 1729 riserunt
1237 1690 1439 1739 ebriaeque
1458 1690 1589 1728 iunxe-

174 1755 264 1788 runt
293 1750 435 1797 oscula,
465 1751 557 1788 dum
586 1750 704 1788 altera
733 1750 967 1800 diligentiam
990 1750 1124 1788 matris
1144 1749 1308 1789 familiae
1328 1750 1453 1797 iactat,
1473 1749 1591 1788 altera

104 1818 145 1849 12
172 1809 325 1848 delicias
355 1815 390 1848 et
420 1809 695 1859 indiligentiam
725 1809 805 1847 viri.
864 1810 1034 1858 dumque
1063 1810 1117 1848 sic
1147 1810 1366 1857 cohaerent,
1387 1809 1590 1848 Habinnas

171 1869 301 1907 furtim
330 1869 570 1907 consurrexit
599 1870 794 1918 pedesque
822 1869 1057 1908 Fortunatae
1087 1874 1281 1919 correptos
1311 1882 1425 1919 super
1449 1869 1589 1907 lectum

102 1937 143 1968 13
172 1928 341 1967 immisit.
398 1930 458 1966 ‘au
488 1929 549 1967 au’
580 1929 643 1968 illa
672 1929 919 1979 proclamavit
948 1929 1150 1968 aberrante
1171 1929 1299 1967 tunica
1319 1941 1433 1979 super
1453 1940 1588 1978 genua.

172 1988 384 2038 composita
423 2001 512 2038 ergo
550 1988 589 2026 in
628 1988 772 2038 gremio
811 1988 1004 2027 Scintillae
1034 1988 1342 2027 incensissimam
1371 1988 1512 2026 rubore
1539 1987 1590 2026 fa-

172 2047 268 2085 ciem
299 2047 452 2086 sudario
481 2048 694 2086 abscondit.

99 2109 145 2143 68
279 2107 502 2157 interposito
532 2108 669 2145 deinde
698 2107 819 2157 spatio
849 2119 936 2145 cum
966 2108 1155 2145 secundas
1181 2119 1336 2145 mensas
1357 2105 1590 2144 Trimalchio

172 2166 346 2205 iussisset
375 2167 513 2214 afferri,
544 2167 782 2205 sustulerunt
811 2167 909 2205 servi
939 2179 1075 2205 omnes
1103 2179 1260 2205 mensas
1290 2170 1326 2204 et
1346 2166 1438 2204 alias
1459 2165 1588 2204 attule-

172 2230 274 2272 runt,
314 2226 549 2275 scobemque
591 2239 702 2264 croco
741 2231 776 2264 et
820 2226 940 2264 minio
968 2226 1126 2265 tinctam
1158 2230 1381 2278 sparserunt
1410 2230 1457 2272 et,
1488 2224 1589 2274 quod

171 2297 373 2334 nunquam
412 2291 500 2324 ante
543 2286 724 2333 videram,
764 2299 810 2324 ex
852 2286 977 2336 lapide
1006 2286 1192 2336 speculari
1222 2285 1417 2335 pulverem
1445 2284 1588 2322 tritum.

126 2352 145 2381 2
173 2343 300 2382 statim
344 2344 578 2383 Trimalchio
621 2346 807 2395 ‘poteram
852 2345 1017 2394 quidem'
1057 2345 1180 2394 inquit
1209 2345 1294 2383 ‘hoc
1322 2344 1477 2382 fericulo
1506 2355 1590 2381 esse

173 2408 402 2450 contentus3
443 2404 631 2442 secundas
671 2404 773 2442 enim
811 2417 967 2442 mensas
1004 2404 1168 2442 habetis.
1224 2405 1289 2442 sed
1324 2403 1355 2441 si
1384 2402 1474 2452 quid
1502 2401 1590 2440 belli

172 2462 305 2509 habes,
338 2463 454 2501 affer’.

279 2592 299 2625 2
324 2592 471 2635 apocalo
486 2593 534 2625 H.
554 2611 596 2616 —-
624 2593 702 2636 Slfy.
723 2591 962 2626 crassissimas
980 2592 1147 2635 Selzeffer.
1163 2611 1204 2616 —
1226 2593 1270 2626 28
1291 2594 1468 2626 correctos
1481 2592 1530 2625 H.
1544 2609 1590 2614 —

173 2645 218 2678 30
243 2645 411 2679 indecens
437 2645 547 2679 imam
574 2647 622 2679 H.

1616 1698 1661 1730 25

1616 1994 1662 2027 30

1616 2292 1661 2324 35
