1732 2844
129 254 148 286 7

130 313 150 345 8

133 550 152 581 9

111 785 154 817 10

755 135 1012 172 -20-

283 245 359 284 iam
398 246 511 285 etiam
550 245 798 296 philosophos
835 246 880 284 de
911 245 1062 295 negotio
1092 245 1289 292 deiciebat,
1319 258 1406 284 cum
1436 246 1590 296 pittacia

177 306 216 344 in
246 306 390 355 scypho
419 304 652 344 circumferri
682 310 902 355 coeperunt,
933 318 1101 355 puerque
1131 318 1247 355 super
1276 306 1349 344 hoc
1369 306 1516 355 positus
1536 306 1590 344 of-

178 364 305 403 ficium
334 365 569 415 apophoreta
597 364 778 403 recitavit.
834 365 1050 414 ‘argentum
1091 364 1344 403 sceleratum’:
1384 365 1495 404 allata
1532 370 1590 404 est

178 437 309 474 perna,
339 437 453 474 super
483 437 598 473 quam
628 424 825 463 acetabula
854 428 962 461 crant
992 424 1125 473 posita.
1183 423 1381 462 ‘cervical’z
1412 424 1499 463 offla
1518 425 1590 463 col-

176 482 266 522 laris
295 483 407 522 allata
427 488 495 522 est,
551 482 748 532 ‘serisapia
768 486 803 520 et
823 482 1080 521 contumelia':
1110 483 1390 532 †aecrophagie
1410 483 1510 521 saele
1529 484 1591 522 da·

179 547 239 580 tae
268 547 358 580 sunt
386 547 423 580 et
453 546 589 580 contus
619 555 707 580 cum
737 541 849 580 malo.
907 541 1022 591 ‘porri
1051 547 1087 580 et
1123 542 1295 592 persica':
1334 542 1525 592 flagellum
1555 547 1591 581 et

179 600 344 639 cultrum
374 601 536 651 accepit3
567 601 754 650 ‘passeres
784 605 820 638 et
848 600 1110 640 muscarium':
1142 615 1256 640 uvam
1285 614 1439 652 passam
1460 607 1496 640 et
1516 602 1591 640 mel

178 659 360 698 Atticum.
419 659 625 698 ‘cenatoria
654 665 690 698 et
719 658 911 698 sorensia':
941 660 1069 698 offlam
1099 665 1135 698 et
1164 661 1313 699 tabulas
1333 661 1489 711 accepit.
1521 662 1594 699 ‘ca—

180 719 266 758 nale
294 723 330 758 et
362 719 518 769 pedale':
547 719 654 769 lepus
684 723 720 756 et
750 718 853 757 solea
882 723 939 757 est
967 719 1091 758 allata.
1149 721 1350 758 ‘muraena
1379 726 1415 758 et
1443 719 1592 759 littera':

180 791 330 816 murem
360 791 448 816 cum
478 791 572 816 rana
600 777 751 827 alligata
770 777 988 827 fascemque
1008 778 1118 817 hetae
1136 781 1291 828 accepit.
1336 778 1399 818 diu
1419 778 1592 818 risimus:

180 842 353 876 sescenta
395 837 617 875 huiusmodi
659 837 828 884 fuerunt,
872 850 969 886 quae
1007 837 1083 876 iam
1120 838 1342 876 exciderunt
1386 838 1594 877 memoriae

119 898 122 901 ’
181 909 301 935 meae.

111 957 156 993 57

291 960 461 994 ceterum
490 955 680 1005 Ascyltos,
710 955 1002 1005 intemperantis
1032 956 1219 1002 licentiae,
1249 969 1337 994 cum
1359 956 1488 995 omnia
1508 956 1594 995 sub-

181 1015 266 1054 latis
304 1015 484 1053 manibus
514 1015 681 1054 eluderet
719 1020 756 1053 et
794 1028 915 1064 usque
954 1016 1002 1053 ad
1031 1015 1208 1054 lacrimas
1237 1015 1389 1062 rideret,
1418 1028 1519 1054 unus
1549 1028 1596 1054 ex

182 1073 400 1113 conlibertis
438 1073 733 1113 Trimalchionis
772 1074 989 1121 excanduit,
1024 1074 1056 1113 is
1086 1074 1165 1125 ipse
1194 1074 1257 1124 qui
1288 1087 1404 1124 supra
1431 1087 1494 1113 me
1523 1074 1596 1113 dis-

184 1133 400 1180 cumbebat,
439 1137 476 1171 et
514 1133 617 1183 ‘quid
646 1133 757 1172 rides'
797 1133 920 1183 inquit
950 1134 1131 1172 ‘berbex?
1161 1147 1211 1172 an
1240 1134 1307 1172 tibi
1336 1147 1416 1172 non
1444 1134 1597 1184 placent

183 1193 350 1231 lautitiae
388 1192 534 1230 domini
563 1192 663 1231 mei?
721 1198 759 1231 tu
788 1193 892 1231 enim
922 1193 1068 1231 heatior
1097 1206 1136 1231 es
1166 1198 1202 1231 et
1231 1193 1431 1231 convivare
1460 1192 1597 1231 melius

184 1252 296 1291 soles.
354 1252 405 1290 ita
434 1252 591 1290 tutelam
612 1252 727 1291 huius
749 1252 820 1291 loci
838 1253 1004 1291 habeam
1026 1252 1241 1302 propitiam,
1261 1257 1303 1290 ut
1323 1265 1392 1302 ego
1413 1251 1443 1291 si
1464 1265 1596 1290 secun-

184 1312 277 1349 dum
306 1311 412 1349 illum
441 1311 738 1358 discumberem,
767 1312 844 1350 iam
864 1312 915 1350 illi
935 1312 1105 1350 balatum
1126 1312 1335 1350 duxissem.
1370 1311 1513 1350 bellum
1534 1325 1598 1362 po-

184 1383 306 1417 mum,
348 1371 412 1420 qui
450 1369 617 1409 rideatur
655 1371 765 1418 alios;
803 1370 964 1421 larifuga
993 1371 1122 1409 nescio
1152 1371 1248 1420 quis,
1278 1375 1504 1418 nocturnus,
1534 1371 1600 1420 qui

185 1443 266 1468 non
295 1430 393 1468 valet
422 1430 558 1468 lotium
587 1443 714 1469 suum.
771 1432 819 1469 ad
848 1443 1054 1477 summam,
1085 1430 1117 1468 si
1137 1430 1458 1468 circumminxero
1477 1429 1598 1478 illum,

185 1489 330 1528 nesciet
369 1502 443 1538 qua
477 1488 606 1539 fugiat.
662 1503 743 1528 non
772 1490 1011 1528 mehercules
1041 1490 1145 1528 soleo
1175 1490 1247 1528 cito
1275 1489 1434 1538 fervere,
1463 1490 1531 1528 sed
1559 1489 1599 1528 in

1620 784 1665 817 10

1624 1078 1667 1111 15

1625 1378 1669 1411 20

186 1549 301 1587 molle
331 1561 446 1587 carne
466 1562 614 1588 vermes
636 1554 859 1588 nascuntur.
918 1549 1024 1587 ridet.
1086 1549 1176 1598 quid
1195 1549 1312 1588 habet
1332 1550 1435 1599 quod
1455 1549 1600 1588 rideat?
1643 1585 1646 1586 γ

187 1608 374 1658 numquid
402 1613 509 1658 pater
537 1608 656 1647 fetum
686 1609 777 1648 emit
803 1609 962 1647 lamna?
991 1622 1106 1658 eques
1136 1609 1338 1647 Romanus
1367 1621 1426 1648 es:
1465 1613 1502 1648 et
1530 1621 1600 1659 ego

188 1667 285 1717 regis
329 1667 440 1707 filius.
489 1669 633 1717 “quare
677 1681 766 1718 ergo
806 1667 1044 1708 servivisti?”
1103 1668 1191 1717 quia
1229 1668 1309 1718 ipse
1347 1681 1409 1706 me
1447 1668 1532 1706 dedi
1560 1668 1600 1706 in

187 1726 408 1765 servitutem
437 1732 473 1766 et
502 1728 619 1766 malui
648 1728 738 1766 civis
768 1728 969 1767 Romanus
1000 1741 1082 1766 esse
1119 1741 1236 1777 quam
1273 1727 1508 1766 tributarius.
1564 1731 1602 1766 et

188 1799 292 1825 nunc
329 1799 441 1837 spero
479 1800 541 1826 me
579 1787 632 1826 sic
662 1788 797 1834 vivere,
828 1792 869 1825 ut
900 1786 1044 1826 nemini
1079 1787 1185 1825 iocus
1214 1786 1298 1826 sim.
1355 1787 1473 1825 homo
1502 1786 1602 1825 inter

188 1846 365 1884 homines
406 1859 505 1894 sum,
543 1846 664 1897 capite
702 1852 832 1897 aperto
870 1847 1043 1893 ambu103
1079 1859 1207 1885 assem
1236 1845 1426 1886 aerarium
1456 1846 1602 1885 nemini

189 1905 327 1952 debe03
369 1906 619 1945 constitutum
656 1906 775 1945 habui
811 1919 1031 1956 nunquam3
1062 1919 1178 1944 nemo
1206 1905 1301 1944 mihi
1330 1906 1369 1944 in
1398 1906 1479 1944 foro
1508 1905 1602 1944 dixit

190 1965 332 2003 “redde
360 1965 463 2014 quod
492 1965 647 2004 debes''.
706 1965 900 2016 glaebulas
929 1965 1016 2013 emi,
1055 1965 1265 2004 lamellulas
1294 1964 1441 2015 paravi;
1470 1964 1603 2015 viginti

189 2028 341 2063 ventres
361 2037 476 2074 pasco
496 2030 532 2064 et
561 2038 714 2073 canem3
744 2026 1059 2064 contubernalem
1088 2038 1215 2064 meam
1244 2023 1400 2072 redemi,
1430 2037 1479 2064 ne
1517 2024 1601 2074 quis

190 2083 228 2121 in
268 2086 356 2122 sinu
394 2084 493 2123 illius
528 2098 667 2124 manus
696 2090 875 2135 tergeret3
903 2084 1006 2123 mille
1035 2084 1213 2123 denarios
1242 2097 1310 2134 pro
1339 2083 1460 2134 capite
1488 2083 1600 2131 solvi;

191 2143 289 2181 sevir
331 2143 446 2193 gratis
489 2144 610 2183 factus
653 2157 763 2191 sum·‚
803 2157 927 2194 spero,
968 2144 1021 2182 sic
1058 2143 1213 2190 moriar,
1248 2149 1288 2182 ut
1316 2148 1492 2182 mortuus
1521 2156 1601 2182 non

192 2203 429 2242 erubescam.
480 2208 521 2242 tu
558 2209 686 2242 autem
723 2209 802 2242 tam
841 2202 1053 2242 laboriosus
1083 2217 1135 2250 es,
1179 2208 1220 2241 ut
1258 2208 1343 2253 post
1371 2207 1407 2241 te
1436 2215 1516 2241 non
1544 2215 1603 2241 re-

1626 1673 1671 1706 25

1626 1972 1673 2005 30

193 2261 355 2311 spicias?
395 2261 435 2301 in
465 2262 537 2302 alio
567 2263 770 2313 peduclum
799 2261 915 2309 vides⁷
945 2262 985 2301 in
1013 2267 1050 2301 te
1078 2262 1241 2301 ricinum
1270 2275 1349 2301 non
1378 2261 1493 2300 vides.
1532 2260 1602 2300 tibi
1626 2266 1673 2300 35

193 2320 263 2359 soli
300 2320 442 2360 ridiclei
480 2321 670 2370 videmur3
709 2335 796 2361 ecce
834 2322 1015 2372 magister
1043 2326 1143 2368 tuus,
1172 2321 1290 2359 homo
1318 2320 1440 2359 maior
1469 2325 1601 2359 natus:

194 2380 388 2430 placemus
426 2381 489 2421 illi.
547 2387 586 2421 tu
621 2381 877 2428 lacticulosus,
907 2394 977 2420 nec
1006 2394 1073 2419 mu
1102 2393 1173 2419 nec
1202 2393 1265 2419 ma
1293 2373 1460 2430 argutas,
1488 2392 1603 2418 vasus

196 2439 330 2487 fictilis,
361 2440 478 2479 immo
507 2442 612 2481 lorus
641 2441 680 2480 in
710 2455 821 2491 aqua,
849 2441 999 2488 lentior,
1029 2453 1108 2479 non
1128 2439 1273 2479 melior.
1317 2444 1358 2478 tu
1378 2439 1523 2478 beatior
1542 2451 1602 2478 es:

301 2571 322 2604 5
347 2570 540 2614 xerophagi
562 2581 581 2604 e
599 2581 685 2614 sapa
703 2571 955 2604 Fra‘ecllcmder.
974 2589 1018 2595 —
1047 2570 1086 2603 11
1108 2568 1312 2603 ceciderunt
1329 2568 1376 2603 H.
1395 2587 1440 2593 —
1468 2568 1511 2601 16
1528 2576 1604 2601 ver-

197 2634 263 2658 vex
282 2625 323 2657 H
344 2635 401 2657 am
419 2625 555 2666 Raude,
574 2625 639 2658 Br.
659 2644 703 2649 —
731 2624 773 2657 19
794 2624 884 2657 m’ell.
902 2621 1095 2657 talatrum*
1122 2623 1172 2664 (in
1193 2623 1339 2656 Glossen«
1359 2636 1400 2649 =
1419 2620 1602 2662 talitrum).
