1737 2823
853 97 902 132 ρει

278 206 429 244 interim
460 218 552 255 puer
591 205 889 251 Alexandrinus,
921 207 982 255 qui
1013 208 1159 245 caldam
1190 209 1441 249 ministrabat.
1473 211 1580 248 lust-i-

170 265 254 304 nias
283 265 404 316 coepit
434 265 570 303 imitari
599 265 788 303 clamante
808 265 1092 304 Trimalchione
1113 266 1289 305 subinde:
1322 269 1463 307 ‘munst
1495 283 1579 307 cccc

169 324 265 363 alius
293 324 418 362 ludus.
474 337 605 362 servus
636 324 699 373 qui
725 324 773 361 ad
795 324 908 373 pedes
930 324 1134 363 Habinnae
1155 326 1322 371 sedebat,
1346 327 1481 368 iussus.
1504 342 1578 367 (ϊο-

169 385 230 431 do,
260 397 282 422 a
309 383 466 422 domino
495 396 566 422 suo
595 383 842 433 proclamavit
873 384 998 422 subito
1028 397 1169 423 canora
1198 397 1306 424 voce:

105 449 142 481 ὁ
369 443 526 481 ‘interea
556 443 723 481 medium
754 442 906 481 Aeneas
937 443 1009 480 iam
1040 444 1162 482 classe
1191 444 1368 483 tcnebat'.

169 503 299 541 nullus
329 514 448 540 sonus
478 514 650 550 unquam
679 501 821 540 acidior
851 502 1036 552 percussit
1065 516 1176 541 aures
1207 516 1335 549 meas;
1367 517 1455 542 nam
1478 518 1578 554 prac-

171 566 226 600 ter
268 560 431 600 errantis
470 560 671 599 barbariae
709 566 773 599 aut
803 561 991 600 adiectum
1012 567 1077 600 aut
1107 562 1346 601 deminutum
1376 564 1580 603 clamorem

169 620 352 659 miscebat
392 619 626 659 Atellanicos
671 633 817 666 versus⁷
859 625 899 659 ut
944 626 1034 659 tunc
1064 621 1231 671 primum
1260 635 1322 661 me
1351 623 1464 661 etiam
1494 624 1580 661 Vcr-

168 679 278 730 gilius
308 679 518 718 offenderit.
575 679 754 729 plausum
785 684 926 726 tamen,
958 692 1045 718 cum
1066 680 1272 729 aliquando
1293 681 1464 727 desisset,
1485 683 1581 720 adic-

99 744 142 777 10
169 739 217 777 cit
258 738 461 777 Habinnas
499 743 535 777 et
565 739 787 789 ‘nunquam'
818 738 943 788 inquit
972 739 1125 785 ‘didit—it,
1155 741 1220 778 scd
1251 753 1319 790 ego
1348 742 1395 778 ad
1431 741 1582 780 circula-

169 802 269 836 tores
305 810 394 836 eum
430 797 618 836 mittendo
653 797 864 836 erudibam.
923 798 1050 847 itaque
1079 812 1210 848 parem
1240 812 1318 837 non
1347 800 1475 847 habet⁷
1506 801 1583 839 sive

167 856 357 896 muliones
400 856 498 896 volet
527 857 607 895 sive
635 857 881 896 circulatores
912 857 1061 896 imitari.
1119 859 1363 908 desperatum
1393 860 1500 898 valde
1530 860 1582 898 in-

167 916 347 965 geniosus
376 921 450 955 est:
493 916 592 955 idem
630 921 737 955 sutor
777 922 846 963 est⁷
876 916 977 955 idem
1008 929 1134 964 cocus,
1165 917 1264 956 idem
1293 918 1428 968 pistor,
1457 920 1582 957 omnis

168 988 302 1014 musae
330 975 577 1026 mancipium.
635 976 711 1014 duo
741 980 871 1015 tamen
902 976 989 1015 vitia
1017 977 1146 1024 habet,
1177 990 1273 1026 quae
1302 978 1333 1016 si
1363 990 1441 1016 non
1468 978 1581 1017 habe-

98 1042 142 1075 15
168 1039 235 1080 ret,
266 1040 366 1073 esset
395 1035 569 1074 omnium
597 1048 821 1074 numerum:
852 1036 1035 1074 recutitus
1064 1041 1120 1075 est
1141 1041 1177 1075 et
1197 1036 1330 1076 stertit.
1370 1050 1460 1075 nam
1481 1039 1581 1087 quod

172 1094 378 1133 strabonus
407 1099 477 1141 esty
507 1107 587 1133 non
616 1107 727 1141 cur0;
758 1095 855 1134 sicut
874 1095 1007 1134 Venus
1037 1100 1193 1146 spectat.
1250 1096 1333 1135 ideo
1359 1096 1453 1135 nihil
1473 1102 1582 1141 tacet,

172 1153 234 1191 vix
265 1153 373 1192 oculo
402 1159 557 1193 mortuo
586 1167 771 1204 unquam.
828 1154 934 1193 illum
955 1154 1030 1194 emi
1052 1155 1230 1194 trecentis
1250 1156 1440 1194 denariis'.
1471 1156 1582 1194 inter-

172 1212 322 1263 pellavit
350 1213 570 1263 loquentem
601 1213 773 1253 Scintilla
801 1218 837 1253 et
859 1215 995 1264 ‘plane'
1017 1215 1140 1264 inquit
1160 1216 1252 1253 ‘non
1279 1215 1408 1254 onmia
1427 1216 1583 1255 artificia

172 1272 270 1311 servi
307 1285 475 1322 nequam
505 1286 651 1312 narras.
708 1286 826 1324 agaga
856 1278 930 1320 est;
961 1278 998 1312 at
1027 1274 1183 1321 curaboy
1213 1274 1389 1324 stigmam
1418 1275 1581 1313 habeat'.

98 1339 146 1371 20
171 1331 254 1370 risit
282 1331 516 1371 Trimalchio
545 1337 582 1371 et
610 1332 877 1383 ‘adcognosco’
910 1333 1033 1383 inquit
1061 1333 1357 1384 ‘Cappadocem
1389 1333 1483 1372 nihil
1511 1334 1582 1372 sibi

169 1390 366 1438 destaudit,
397 1397 433 1430 et
462 1392 700 1431 mehercules
730 1393 843 1431 laudo
870 1392 995 1439 illum;
1025 1393 1099 1431 hoc
1128 1392 1232 1432 enim
1261 1406 1375 1431 nemo
1395 1398 1579 1443 parentat.

169 1455 210 1489 tu
238 1455 379 1498 autem,
409 1450 593 1498 Scintilla,
623 1451 701 1490 noli
730 1452 901 1501 zelotypa
929 1465 1025 1491 esse.
1082 1453 1193 1491 crede
1222 1452 1329 1499 mihi,
1359 1457 1395 1490 et
1424 1465 1490 1491 vos
1516 1465 1581 1490 no-

169 1509 306 1549 vimus.
363 1509 417 1549 sic
445 1523 508 1549 me
537 1511 685 1549 salvum
712 1511 899 1558 habeatis,
930 1516 970 1550 ut
999 1523 1069 1562 ego
1099 1511 1153 1550 sic
1181 1512 1352 1550 solebam
1390 1511 1582 1561 ipsumam

170 1581 298 1608 meam
337 1569 572 1617 debattuere,
609 1575 650 1609 ut
679 1570 793 1609 etiam
821 1570 1002 1610 dominus
1032 1570 1313 1621 suspicaretur;
1344 1575 1378 1609 ct
1408 1571 1492 1609 ideo
1520 1583 1582 1610 me

97 1636 143 1668 25
168 1626 210 1666 in
238 1627 493 1668 vilicationem
522 1628 713 1680 relegavit.
770 1630 837 1668 sed
866 1634 960 1677 tace,
989 1630 1132 1680 linguay
1162 1630 1261 1669 dabo
1287 1629 1451 1680 panem'.
1498 1634 1582 1668 tan—

171 1700 288 1737 quam
329 1688 506 1727 laudatus
546 1694 646 1728 esset
688 1688 950 1738 nequissimus
993 1702 1140 1736 servus⁷
1184 1690 1382 1728 lucernam
1420 1689 1466 1728 de
1495 1690 1582 1727 sinu

171 1746 324 1786 fictilem
365 1748 522 1798 protulit
561 1753 599 1787 et
640 1747 804 1798 amplius
847 1748 1041 1788 semihora
1087 1748 1274 1788 tubicines
1317 1748 1484 1787 imitatus
1526 1753 1583 1787 est

171 1805 392 1846 succinente
433 1807 616 1847 Habinna
645 1812 681 1846 et
709 1807 867 1846 inferius
894 1808 1048 1846 labrum
1076 1821 1196 1847 manu
1225 1807 1473 1858 deprimente.
1529 1808 1582 1846 ul-

170 1865 264 1904 timo
293 1865 407 1905 etiam
436 1865 474 1905 in
504 1866 674 1905 medium
703 1867 888 1917 processit
916 1872 953 1906 et
981 1868 1096 1906 modo
1124 1867 1407 1906 harundinibus
1433 1865 1582 1916 quassis

99 1933 146 1966 30
172 1926 372 1964 choraulas
400 1925 571 1965 imitatus
600 1931 669 1973 est⁷
699 1927 814 1965 modo
842 1927 1058 1966 lacernatus
1088 1940 1175 1966 cum
1202 1927 1348 1976 flagello
1367 1926 1582 1965 mulionum

172 1984 248 2023 sata
276 1984 363 2035 egit,
393 1986 515 2025 donec
534 1991 713 2025 vocatum
741 1987 790 2025 ad
820 1999 860 2025 se
888 1986 1091 2025 Habinnas
1120 1985 1291 2032 basiavit,
1312 1985 1582 2036 potionemque

172 2042 223 2081 illi
251 2044 419 2094 porrexit
447 2049 483 2083 et
520 2046 639 2084 ‘tanto
679 2045 826 2084 melior'
856 2045 980 2096 inquit
1009 2045 1161 2092 Massa,
1191 2046 1292 2083 dono
1322 2043 1388 2083 tibi
1417 2044 1581 2094 caligas'.

260 2115 350 2142 ·nec
378 2103 477 2143 ullus
506 2109 560 2142 tot
589 2105 779 2143 malorum
810 2104 896 2143 finis
926 2104 1072 2152 fuisset,
1102 2104 1176 2143 nisi
1205 2103 1393 2154 epidipnis
1413 2108 1512 2142 esset
1532 2103 1581 2142 al-

171 2162 258 2208 lata⁷
288 2162 387 2201 turdi
409 2162 572 2214 siliginei
593 2164 674 2203 uvis
695 2163 816 2214 passis
837 2164 1077 2214 nucibusque
1097 2164 1261 2212 farsi[s].
1300 2163 1472 2202 insecuta
1491 2167 1582 2202 sunt

100 2227 147 2260 35
173 2220 345 2270 Cydonia
382 2221 496 2261 etiam
533 2223 634 2262 mala
672 2223 793 2273 spinis
822 2223 984 2270 confixa,
1023 2228 1064 2262 ut
1099 2223 1256 2262 echinos
1286 2222 1490 2262 efficerent.
1546 2226 1582 2260 et

171 2280 267 2319 haec
295 2280 449 2330 quidem
478 2281 688 2321 tolerabilia
717 2287 837 2328 erant,
868 2282 899 2321 si
927 2295 1007 2321 non
1045 2281 1241 2321 fericulum
1261 2281 1374 2332 longe
1394 2286 1581 2320 monstro-

174 2339 253 2378 sius
281 2339 478 2388 effecisset,
508 2345 549 2380 ut
578 2341 636 2380 vel
664 2341 765 2380 fame
794 2341 917 2392 perire
946 2341 1160 2381 mallemus.
1217 2354 1307 2380 nam
1328 2353 1415 2380 cum
1436 2339 1580 2391 positus

280 2476 302 2509 9
332 2476 509 2520 plausum]
545 2477 660 2512 lassus
685 2478 733 2512 H.
767 2497 810 2501 —
847 2476 1000 2512 dedisset
1026 2478 1072 2512 H.
1106 2497 1152 2501 —
1189 2478 1227 2512 11
1266 2476 1437 2511 audibant
1462 2477 1509 2510 H.
1538 2495 1579 2499 —

175 2529 220 2562 1⁹2
245 2528 452 2573 desperatus
477 2531 526 2564 H.
552 2551 596 2556 —
626 2531 667 2564 15
692 2541 925 2565 nummorum
952 2531 999 2566 H.
1028 2552 1072 2557 -—
1108 2532 1149 2565 16
1176 2531 1266 2565 viell.
1294 2530 1508 2564 strambus*.
1537 2548 1579 2552 —

173 2582 216 2616 31
246 2581 329 2625 fata]
357 2583 422 2626 vyl.
448 2583 528 2618 Sen.
556 2595 607 2628 ep.
629 2587 684 2627 57,
705 2587 736 2618 1.

1630 222 1648 250 :3

1630 279 1647 309 4

1631 514 1650 543 Γ)

1632 691 1651 721 6

1633 809 1649 819 ,-

1638 821 1645 841 ί

1608 1160 1654 1194 69

1633 1282 1652 1313 2
