1732 2844
106 201 145 231 11
175 192 406 230 Fortunatae
433 192 601 231 immisit.
659 193 720 231 illa
749 198 931 242 tanquam
962 194 1114 232 oculum
1144 194 1380 244 perdidisset,
1401 195 1585 235 exclama-

106 260 147 290 12
177 250 225 288 vit
254 264 469 300 manusque
498 257 705 290 trementes
735 254 780 290 ad
809 252 944 291 faciem
974 266 1084 291 suam
1105 254 1283 292 admovit.
1341 260 1586 294 Consternata

175 314 231 348 est
260 309 373 348 etiam
404 310 574 349 Scintilla
602 311 932 361 trepidantemque
961 311 1047 350 sinu
1077 325 1147 350 suo
1178 313 1279 351 texit.
1337 313 1456 352 immo
1490 327 1584 364 puer

175 382 326 419 quoque
364 370 555 408 officiosus
593 371 788 409 urceolum
826 370 1002 421 frigidum
1039 372 1085 410 ad
1124 372 1265 410 malam
1294 372 1375 410 eius
1405 373 1583 421 admovit,

106 436 146 468 13
174 441 289 478 super
318 442 432 478 quem
462 430 690 468 incumbens
710 431 919 469 Fortunata
939 444 1090 480 gemere
1111 444 1153 470 ac
1174 432 1263 470 ssere
1283 432 1417 482 coepit.
1452 438 1585 472 contra

174 487 406 527 Trimalchio
436 488 538 538 ‘quid
567 489 710 528 enim?
753 489 875 539 inquit
904 490 1123 529 ‘ambubaia
1144 504 1221 529 non
1243 490 1430 538 meminit,
1452 492 1518 530 sed
1538 493 1584 530 de

173 547 353 586 machina
388 548 489 586 illam
529 549 676 595 sustuli,
713 549 912 587 hominem
942 550 1039 588 inter
1067 549 1245 588 homines
1275 551 1354 590 feci.
1412 556 1449 590 at
1477 550 1584 590 inflat

173 619 214 645 se
251 612 435 656 tanquam
475 621 582 654 rana,
626 613 661 645 et
704 608 741 645 in
786 608 914 646 sinum
944 621 1058 647 suum
1089 622 1167 647 non
1197 609 1310 659 spuit,
1341 611 1473 657 codex,
1504 623 1583 649 non

105 674 147 704 14
172 666 320 705 mulier.
377 667 444 705 sed
472 667 546 712 hic,
578 666 642 715 qui
662 667 699 705 in
722 668 877 716 pergula
898 673 1011 705 natus
1032 673 1100 714 est,
1122 669 1235 706 aedes
1256 681 1335 707 non
1355 669 1582 708 somniatur.

172 725 223 763 ita
251 725 408 775 genium
445 739 576 764 meum
606 726 811 775 propitium
839 727 1018 774 habeam,
1048 728 1203 773 curabo,
1233 728 1386 767 domata
1415 729 1462 767 sit
1491 729 1579 768 Cas-

105 793 146 823 15
173 785 314 823 sandra
342 784 529 834 caligaria.
588 790 624 823 et
653 798 735 835 ego,
764 785 882 823 homo
903 785 1180 835 dipundiarius,
1202 787 1420 826 sestertium
1440 788 1583 827 centies

173 843 342 893 accipere
370 844 487 894 potui,
544 844 617 882 scis
647 849 688 882 tu
716 857 778 882 me
799 857 877 882 non
898 844 1063 883 mentiri.
1120 846 1284 895 Agatho,
1305 847 1584 896 unguentarius

171 903 288 942 herae
321 903 529 953 proximae,
570 903 719 941 seduxit
757 916 820 941 me
849 909 885 942 et
915 904 1108 942 “suadeo''
1141 904 1264 954 inquit
1294 907 1400 943 “non
1428 906 1582 956 patiaris

105 971 144 1001 16
172 975 294 1012 genus
324 967 432 1000 tuum
462 962 654 1001 interire''.
712 968 749 1001 at
777 975 846 1012 ego
875 963 967 1001 dum
997 964 1162 1002 bonatus
1192 977 1262 1014 ago
1292 969 1328 1003 et
1356 965 1445 1003 nolo
1466 965 1583 1004 videri

104 1030 143 1061 17
169 1021 276 1068 levis,
310 1021 390 1071 ipse
418 1020 512 1059 mihi
542 1021 681 1060 asciam
712 1021 751 1060 in
781 1035 868 1060 crus
896 1021 1047 1072 impegi.
1105 1028 1218 1070 recte,
1247 1024 1401 1072 curabo,
1431 1037 1494 1063 me
1513 1037 1582 1063 un-

171 1080 308 1130 guibus
351 1093 523 1129 quaeras.
587 1087 624 1119 et
665 1086 706 1119 ut
748 1082 1100 1131 depraesentiarum
1141 1083 1339 1133 intelligas,
1384 1083 1474 1134 quid
1516 1084 1584 1123 tihi

170 1139 320 1179 feceris:
351 1140 545 1187 Habinna,
567 1141 669 1187 nolo,
699 1146 863 1180 statuam
894 1141 974 1180 eius
1004 1142 1043 1180 in
1062 1148 1317 1182 monumento
1339 1156 1426 1182 meo
1446 1157 1582 1194 ponas,

172 1213 219 1238 ne
260 1206 436 1238 mortuus
475 1200 628 1249 quidem
664 1201 748 1239 lites
785 1201 962 1240 babeam.
1019 1201 1150 1248 immo,
1180 1207 1221 1240 ut
1250 1202 1343 1241 sciat
1371 1216 1433 1242 me
1469 1216 1582 1253 posse

171 1259 315 1297 malum
345 1260 447 1307 dare,
477 1261 577 1307 nolo,
606 1273 669 1298 me
697 1265 893 1299 mortuum
922 1261 1068 1299 basiet'.

103 1321 144 1356 75
277 1323 361 1368 post
390 1319 464 1358 hoc
492 1319 637 1357 fulmen
668 1319 869 1358 Habinnas
898 1333 1033 1370 rogare
1062 1321 1196 1371 coepit,
1225 1325 1266 1358 ut
1294 1321 1371 1360 iam
1391 1322 1582 1361 desineret

170 1378 282 1417 irasci
311 1384 346 1417 et
376 1379 516 1417 ‘nemo’
547 1378 670 1428 inquit
701 1380 890 1418 ‘nostrum
918 1393 996 1418 non
1031 1384 1172 1430 peccat.
1220 1380 1399 1419 homines
1433 1393 1582 1428 sumus,

170 1451 249 1476 non
279 1437 362 1476 dei'.
407 1438 508 1477 idem
537 1443 574 1476 et
604 1438 775 1477 Scintilla
803 1439 899 1477 flens
928 1439 1021 1477 dixit
1051 1452 1093 1478 ac
1122 1452 1189 1489 per
1217 1439 1373 1489 genium
1397 1440 1478 1478 eius
1511 1441 1581 1479 Ga-

123 1505 142 1535 3
170 1497 249 1535 ium
279 1497 503 1548 appellando
532 1510 667 1548 rogare
695 1499 829 1548 coepit,
860 1504 899 1536 ut
929 1512 969 1536 se
998 1499 1198 1548 frangeret.
1243 1511 1322 1537 non
1343 1499 1464 1537 tenuit
1483 1500 1583 1538 ultra

169 1557 346 1595 lacrimas
384 1557 616 1596 Trimalchio
660 1562 696 1596 et
735 1559 851 1608 ‘rogo'
895 1558 1017 1607 inquit
1060 1558 1267 1605 ‘Habinna,
1309 1558 1362 1596 sic
1390 1558 1582 1608 peculium

171 1622 279 1654 tuum
322 1616 560 1655 fruniscaris:
600 1617 631 1655 si
671 1617 760 1666 quid
796 1630 996 1667 perperam
1026 1617 1108 1664 feci,
1138 1617 1176 1655 in
1205 1617 1341 1656 faciem
1369 1630 1497 1656 meam
1525 1617 1580 1655 in-

123 1683 143 1713 4
171 1688 274 1725 spue.
332 1689 495 1726 puerum
522 1676 666 1715 basiavi
694 1676 1006 1726 frugalissimum,
1035 1690 1115 1716 non
1144 1682 1297 1727 propter
1317 1677 1493 1724 formam,
1514 1678 1581 1716 sed

171 1735 258 1784 quia
278 1735 375 1785 frugi
394 1741 468 1774 est:
498 1736 630 1774 decem
658 1741 785 1786 partes
814 1736 913 1783 dicit,
943 1736 1084 1774 librum
1114 1737 1160 1774 ab
1191 1736 1299 1775 oculo
1327 1736 1427 1786 legit,
1457 1736 1580 1775 thrae-

169 1795 270 1833 cium
309 1794 380 1833 sibi
418 1796 464 1833 de
501 1795 628 1834 diariis
664 1796 760 1842 fecit,
809 1795 1037 1834 arcisellium
1066 1797 1111 1834 de
1140 1808 1210 1834 suo
1239 1796 1384 1846 paravit
1412 1800 1448 1834 et
1485 1796 1579 1834 duas

124 1862 143 1891 5
170 1854 312 1893 trullas.
370 1867 450 1892 non
479 1860 536 1893 est
565 1855 703 1905 dignus
734 1868 849 1904 quem
878 1855 916 1893 in
946 1855 1065 1894 oculis
1094 1856 1242 1894 feram?
1284 1855 1350 1893 sed
1370 1855 1581 1894 Fortunata

124 1922 142 1950 6
169 1918 280 1952 vetat.
338 1914 390 1952 ita
426 1914 493 1952 tibi
527 1914 687 1961 videtur,
725 1915 949 1965 fulcipedia‘?
994 1915 1148 1961 suadeo,
1178 1915 1326 1953 bonum
1354 1919 1463 1953 tuum
1493 1927 1579 1952 con-

170 1985 323 2021 coquas,
353 1973 479 2019 milva,
510 1978 545 2011 et
573 1987 636 2012 me
664 1987 744 2012 non
773 1974 887 2012 facias
915 1974 1143 2025 ringentem,
1182 1973 1462 2012 amasiuncula:
1493 1973 1580 2012 alio-

123 2039 141 2070 7
170 2032 261 2081 quin
291 2032 495 2082 experieris
524 2033 724 2071 cerebrum
743 2046 887 2072 meum.
942 2033 1045 2072 nosti
1072 2046 1152 2072 me:
1184 2034 1284 2082 quod
1317 2033 1436 2071 semel
1468 2033 1580 2072 desti-

122 2098 142 2130 8
168 2090 269 2138 navi,
289 2091 393 2130 clavo
421 2092 583 2130 tabulari
611 2093 730 2130 fixum
760 2099 827 2131 est.
871 2094 938 2131 sed
965 2093 1139 2131 vivorum
1166 2092 1468 2131 meminerimus.
1512 2105 1579 2131 vos

168 2162 273 2200 rogo,
303 2150 426 2197 amici,
455 2156 497 2189 ut
525 2152 632 2190 vobis
675 2152 840 2191 suaviter
882 2152 941 2191 sit.
998 2165 1091 2190 nam
1119 2164 1188 2202 ego
1224 2164 1375 2201 quoque
1410 2156 1490 2190 tam
1526 2150 1579 2189 fui

170 2222 285 2258 quam
316 2223 380 2248 vos
421 2210 524 2258 estis,
563 2212 630 2250 sed
666 2211 804 2250 virtute
841 2225 927 2250 mea
963 2212 1010 2250 ad
1047 2212 1122 2250 hoc
1158 2211 1326 2261 perveni.
1382 2209 1577 2249 corcillum

122 2277 141 2307 9
169 2273 225 2307 est
254 2270 355 2318 quod
383 2270 561 2309 homines
598 2271 697 2318 facit,
737 2276 861 2310 cetera
890 2271 1092 2320 quisquilia
1128 2269 1269 2308 omnia.
1326 2270 1450 2308 “bene
1478 2281 1578 2316 emo,

168 2327 268 2366 bene
296 2329 458 2376 vendo'';
480 2329 576 2368 alius
596 2329 669 2368 alia
688 2330 796 2369 vobis
816 2331 924 2369 dicet.
973 2329 1148 2368 felicitate
1167 2328 1323 2368 dissilio.
1371 2334 1412 2367 tu
1431 2333 1574 2376 autem,

124 1446 142 1476 ¹0

274 2465 296 2497 5
322 2474 430 2507 quam
450 2464 635 2498 Heinsius.
662 2485 706 2490 -
733 2465 810 2508 67⁶9.
835 2475 909 2498 non
934 2475 992 2498 me
1018 2464 1115 2498 misit
1140 2464 1223 2498 sede
1248 2464 1454 2498 machillam
1478 2463 1577 2498 illam

168 2518 227 2558 H;
250 2518 343 2551 ve'ell.
370 2517 430 2550 sed
458 2527 522 2559 ego
549 2517 592 2551 de
617 2519 686 2551 mk*
714 2537 755 2541 —
782 2519 804 2552 S
830 2517 993 2562 conspuit
1016 2519 1064 2551 H.
1089 2536 1137 2542 -—
1164 2518 1206 2551 13
1231 2517 1316 2552 here
1341 2517 1503 2561 proxime
1527 2517 1575 2550 H.

168 2589 212 2594 —
240 2571 283 2604 23
308 2574 347 2604 ut
373 2570 585 2613 effrangeret
610 2571 656 2604 H.
686 2590 729 2594 ——-
756 2572 800 2605 28
826 2571 1054 2611 artissellium
1079 2572 1127 2606 H.
1155 2590 1200 2596 —
1226 2571 1267 2605 31
1295 2571 1405 2605 facies
1429 2571 1477 2604 H.

1607 737 1651 769 10

1611 1033 1654 1064 15

1608 1327 1654 1359 20

1607 1622 1653 1653 25

1605 1917 1653 1950 30

1604 2213 1650 2244 35
