<?xml version="1.0" encoding="UTF-8"?>
<!DOCTYPE html PUBLIC "-//W3C//DTD XHTML 1.0 Transitional//EN"
    "http://www.w3.org/TR/xhtml1/DTD/xhtml1-transitional.dtd">
<html xmlns="http://www.w3.org/1999/xhtml" xml:lang="en" lang="en">
 <head>
  <title>
</title>
<meta http-equiv="Content-Type" content="text/html;charset=utf-8" />
  <meta name='ocr-system' content='tesseract 3.04.00' />
  <meta name='ocr-capabilities' content='ocr_page ocr_carea ocr_par ocr_line ocrx_word'/>
</head>
<body>
  <div class='ocr_page' id='page_1' title='image "./cenatrimalchion00petruoft_0019.png"; bbox 0 0 1737 2823; ppageno 0'>
   <div class='ocr_carea' id='block_1_1' title="bbox 88 763 131 796">
    <p class='ocr_par' dir='ltr' id='par_1_1' title="bbox 88 763 131 796">
     <span class='ocr_line' id='line_1_1' title="bbox 88 763 131 796; baseline 0.023 -1"><span class='ocrx_word' id='word_1_1' title='bbox 88 763 131 796; x_wconf 92' lang='lat'>10</span> 
     </span>
    </p>
   </div>
   <div class='ocr_carea' id='block_1_2' title="bbox 89 1063 131 1094">
    <p class='ocr_par' dir='ltr' id='par_1_2' title="bbox 89 1063 131 1094">
     <span class='ocr_line' id='line_1_2' title="bbox 89 1063 131 1094; baseline 0 0"><span class='ocrx_word' id='word_1_2' title='bbox 89 1063 131 1094; x_wconf 85' lang='lat'>15</span> 
     </span>
    </p>
   </div>
   <div class='ocr_carea' id='block_1_3' title="bbox 89 1358 133 1390">
    <p class='ocr_par' dir='ltr' id='par_1_3' title="bbox 89 1358 133 1390">
     <span class='ocr_line' id='line_1_3' title="bbox 89 1358 133 1390; baseline 0 0"><span class='ocrx_word' id='word_1_3' title='bbox 89 1358 133 1390; x_wconf 83' lang='lat'>20</span> 
     </span>
    </p>
   </div>
   <div class='ocr_carea' id='block_1_4' title="bbox 89 1658 133 1690">
    <p class='ocr_par' dir='ltr' id='par_1_4' title="bbox 89 1658 133 1690">
     <span class='ocr_line' id='line_1_4' title="bbox 89 1658 133 1690; baseline 0 0"><span class='ocrx_word' id='word_1_4' title='bbox 89 1658 133 1690; x_wconf 85' lang='lat'>25</span> 
     </span>
    </p>
   </div>
   <div class='ocr_carea' id='block_1_5' title="bbox 91 1955 135 1988">
    <p class='ocr_par' dir='ltr' id='par_1_5' title="bbox 91 1955 135 1988">
     <span class='ocr_line' id='line_1_5' title="bbox 91 1955 135 1988; baseline 0 0"><span class='ocrx_word' id='word_1_5' title='bbox 91 1955 135 1988; x_wconf 86' lang='lat'>30</span> 
     </span>
    </p>
   </div>
   <div class='ocr_carea' id='block_1_6' title="bbox 734 113 990 147">
    <p class='ocr_par' dir='ltr' id='par_1_6' title="bbox 734 113 990 147">
     <span class='ocr_line' id='line_1_6' title="bbox 734 113 990 147; baseline 0 -9"><span class='ocrx_word' id='word_1_6' title='bbox 734 113 990 147; x_wconf 59' lang='grc'>,9-</span> 
     </span>
    </p>
   </div>
   <div class='ocr_carea' id='block_1_7' title="bbox 156 220 1570 1401">
    <p class='ocr_par' dir='ltr' id='par_1_7' title="bbox 156 220 1570 1401">
     <span class='ocr_line' id='line_1_7' title="bbox 158 220 1566 272; baseline -0.001 -11"><span class='ocrx_word' id='word_1_7' title='bbox 158 235 236 262; x_wconf 89' lang='lat' dir='ltr'>non</span> <span class='ocrx_word' id='word_1_8' title='bbox 266 222 393 269; x_wconf 82' lang='lat' dir='ltr'>fuisse,</span> <span class='ocrx_word' id='word_1_9' title='bbox 423 223 545 261; x_wconf 89' lang='lat' dir='ltr'>donec</span> <span class='ocrx_word' id='word_1_10' title='bbox 573 222 810 260; x_wconf 83' lang='lat' dir='ltr'>advenerunt</span> <span class='ocrx_word' id='word_1_11' title='bbox 839 220 1002 259; x_wconf 86' lang='lat' dir='ltr'>ministri</span> <span class='ocrx_word' id='word_1_12' title='bbox 1031 234 1075 259; x_wconf 86' lang='lat' dir='ltr'>ac</span> <span class='ocrx_word' id='word_1_13' title='bbox 1103 221 1235 260; x_wconf 88' lang='lat' dir='ltr'>toralia</span> <span class='ocrx_word' id='word_1_14' title='bbox 1266 228 1566 272; x_wconf 71' lang='lat' dir='ltr'>p1·ae1·›‹5›suc1·unt</span> 
     </span>
     <span class='ocr_line' id='line_1_8' title="bbox 158 280 1565 331; baseline -0.001 -10"><span class='ocrx_word' id='word_1_15' title='bbox 158 282 260 329; x_wconf 90' lang='lat' dir='ltr'>toris,</span> <span class='ocrx_word' id='word_1_16' title='bbox 290 281 330 320; x_wconf 91' lang='lat' dir='ltr'>in</span> <span class='ocrx_word' id='word_1_17' title='bbox 360 282 498 331; x_wconf 90' lang='lat' dir='ltr'>quibus</span> <span class='ocrx_word' id='word_1_18' title='bbox 528 281 621 320; x_wconf 86' lang='lat' dir='ltr'>retia</span> <span class='ocrx_word' id='word_1_19' title='bbox 649 286 758 319; x_wconf 87' lang='lat' dir='ltr'>erant</span> <span class='ocrx_word' id='word_1_20' title='bbox 787 280 885 330; x_wconf 88' lang='lat' dir='ltr'>picta</span> <span class='ocrx_word' id='word_1_21' title='bbox 914 281 1234 329; x_wconf 77' lang='lat' dir='ltr'>subsessoresque</span> <span class='ocrx_word' id='word_1_22' title='bbox 1261 294 1347 319; x_wconf 89' lang='lat' dir='ltr'>cum</span> <span class='ocrx_word' id='word_1_23' title='bbox 1369 282 1565 320; x_wconf 80' lang='lat' dir='ltr'>venabulis</span> 
     </span>
     <span class='ocr_line' id='line_1_9' title="bbox 157 340 1564 390; baseline -0.001 -9"><span class='ocrx_word' id='word_1_24' title='bbox 157 347 194 381; x_wconf 89' lang='lat' dir='ltr'>et</span> <span class='ocrx_word' id='word_1_25' title='bbox 222 347 324 380; x_wconf 86' lang='lat' dir='ltr'>totus</span> <span class='ocrx_word' id='word_1_26' title='bbox 355 340 567 380; x_wconf 85' lang='lat' dir='ltr'>venationis</span> <span class='ocrx_word' id='word_1_27' title='bbox 596 346 813 390; x_wconf 86' lang='lat' dir='ltr'>apparatus.</span> <span class='ocrx_word' id='word_1_28' title='bbox 857 341 1021 378; x_wconf 85' lang='lat' dir='ltr'>necdum</span> <span class='ocrx_word' id='word_1_29' title='bbox 1043 340 1273 386; x_wconf 79' lang='lat' dir='ltr'>sciebamus,</span> <span class='ocrx_word' id='word_1_30' title='bbox 1302 354 1373 390; x_wconf 76' lang='lat' dir='ltr'>quo</span> <span class='ocrx_word' id='word_1_31' title='bbox 1403 341 1564 379; x_wconf 75' lang='lat' dir='ltr'>mittere-</span> 
     </span>
     <span class='ocr_line' id='line_1_10' title="bbox 157 399 1565 451; baseline -0.002 -11"><span class='ocrx_word' id='word_1_32' title='bbox 157 414 244 440; x_wconf 89' lang='lat' dir='ltr'>mus</span> <span class='ocrx_word' id='word_1_33' title='bbox 273 401 510 451; x_wconf 84' lang='lat' dir='ltr'>suspiciones</span> <span class='ocrx_word' id='word_1_34' title='bbox 540 404 703 447; x_wconf 82' lang='lat' dir='ltr'>nostras,</span> <span class='ocrx_word' id='word_1_35' title='bbox 734 412 821 437; x_wconf 92' lang='lat' dir='ltr'>cum</span> <span class='ocrx_word' id='word_1_36' title='bbox 851 405 958 438; x_wconf 82' lang='lat' dir='ltr'>extra</span> <span class='ocrx_word' id='word_1_37' title='bbox 988 399 1191 437; x_wconf 88' lang='lat' dir='ltr'>triclinium</span> <span class='ocrx_word' id='word_1_38' title='bbox 1222 399 1365 437; x_wconf 82' lang='lat' dir='ltr'>clamor</span> <span class='ocrx_word' id='word_1_39' title='bbox 1394 401 1565 438; x_wconf 75' lang='lat' dir='ltr'>sublatus</span> 
     </span>
     <span class='ocr_line' id='line_1_11' title="bbox 156 457 1565 511; baseline -0.002 -12"><span class='ocrx_word' id='word_1_40' title='bbox 156 465 214 499; x_wconf 91' lang='lat' dir='ltr'>est</span> <span class='ocrx_word' id='word_1_41' title='bbox 242 461 391 511; x_wconf 85' lang='lat' dir='ltr'>ingens,</span> <span class='ocrx_word' id='word_1_42' title='bbox 420 465 456 498; x_wconf 86' lang='lat' dir='ltr'>et</span> <span class='ocrx_word' id='word_1_43' title='bbox 485 472 571 498; x_wconf 89' lang='lat' dir='ltr'>ecce</span> <span class='ocrx_word' id='word_1_44' title='bbox 600 472 715 498; x_wconf 89' lang='lat' dir='ltr'>canes</span> <span class='ocrx_word' id='word_1_45' title='bbox 744 458 921 497; x_wconf 82' lang='lat' dir='ltr'>Laconici</span> <span class='ocrx_word' id='word_1_46' title='bbox 951 458 1065 497; x_wconf 86' lang='lat' dir='ltr'>etiam</span> <span class='ocrx_word' id='word_1_47' title='bbox 1095 457 1193 497; x_wconf 89' lang='lat' dir='ltr'>circa</span> <span class='ocrx_word' id='word_1_48' title='bbox 1221 472 1396 497; x_wconf 85' lang='lat' dir='ltr'>mensam</span> <span class='ocrx_word' id='word_1_49' title='bbox 1426 459 1565 496; x_wconf 69' lang='lat' dir='ltr'>dis-cin·-</span> 
     </span>
     <span class='ocr_line' id='line_1_12' title="bbox 157 517 1566 569; baseline -0.001 -11"><span class='ocrx_word' id='word_1_50' title='bbox 157 532 241 558; x_wconf 86' lang='lat' dir='ltr'>rere</span> <span class='ocrx_word' id='word_1_51' title='bbox 268 524 486 569; x_wconf 87' lang='lat' dir='ltr'>coeperunt.</span> <span class='ocrx_word' id='word_1_52' title='bbox 543 524 717 557; x_wconf 91' lang='lat' dir='ltr'>secutum</span> <span class='ocrx_word' id='word_1_53' title='bbox 746 523 802 557; x_wconf 91' lang='lat' dir='ltr'>est</span> <span class='ocrx_word' id='word_1_54' title='bbox 830 519 903 556; x_wconf 86' lang='lat' dir='ltr'>hos</span> <span class='ocrx_word' id='word_1_55' title='bbox 932 517 1211 567; x_wconf 88' lang='lat' dir='ltr'>repositorium,</span> <span class='ocrx_word' id='word_1_56' title='bbox 1250 518 1288 556; x_wconf 93' lang='lat' dir='ltr'>in</span> <span class='ocrx_word' id='word_1_57' title='bbox 1318 531 1393 568; x_wconf 92' lang='lat' dir='ltr'>quo</span> <span class='ocrx_word' id='word_1_58' title='bbox 1423 519 1566 568; x_wconf 85' lang='lat' dir='ltr'>positus</span> 
     </span>
     <span class='ocr_line' id='line_1_13' title="bbox 157 577 1566 628; baseline -0.001 -11"><span class='ocrx_word' id='word_1_59' title='bbox 157 583 237 617; x_wconf 88' lang='lat' dir='ltr'>erat</span> <span class='ocrx_word' id='word_1_60' title='bbox 266 578 410 628; x_wconf 85' lang='lat' dir='ltr'>primae</span> <span class='ocrx_word' id='word_1_61' title='bbox 439 578 713 628; x_wconf 81' lang='lat' dir='ltr'>magnitudinis</span> <span class='ocrx_word' id='word_1_62' title='bbox 742 591 844 627; x_wconf 85' lang='lat' dir='ltr'>aper,</span> <span class='ocrx_word' id='word_1_63' title='bbox 866 582 902 616; x_wconf 87' lang='lat' dir='ltr'>et</span> <span class='ocrx_word' id='word_1_64' title='bbox 923 577 1074 627; x_wconf 87' lang='lat' dir='ltr'>quidem</span> <span class='ocrx_word' id='word_1_65' title='bbox 1097 577 1282 627; x_wconf 88' lang='lat' dir='ltr'>pilleatus,</span> <span class='ocrx_word' id='word_1_66' title='bbox 1304 590 1324 616; x_wconf 92' lang='lat' dir='ltr'>e</span> <span class='ocrx_word' id='word_1_67' title='bbox 1345 577 1451 615; x_wconf 82' lang='lat' dir='ltr'>cuius</span> <span class='ocrx_word' id='word_1_68' title='bbox 1478 579 1566 616; x_wconf 87' lang='lat' dir='ltr'>den-</span> 
     </span>
     <span class='ocr_line' id='line_1_14' title="bbox 158 636 1568 688; baseline -0.001 -12"><span class='ocrx_word' id='word_1_69' title='bbox 158 637 259 676; x_wconf 83' lang='lat' dir='ltr'>tibus</span> <span class='ocrx_word' id='word_1_70' title='bbox 288 638 488 688; x_wconf 81' lang='lat' dir='ltr'>sportellae</span> <span class='ocrx_word' id='word_1_71' title='bbox 516 637 784 688; x_wconf 79' lang='lat' dir='ltr'>dependebant</span> <span class='ocrx_word' id='word_1_72' title='bbox 813 637 911 675; x_wconf 90' lang='lat' dir='ltr'>duae</span> <span class='ocrx_word' id='word_1_73' title='bbox 940 636 1116 686; x_wconf 90' lang='lat' dir='ltr'>palmulis</span> <span class='ocrx_word' id='word_1_74' title='bbox 1145 641 1281 684; x_wconf 84' lang='lat' dir='ltr'>textae,</span> <span class='ocrx_word' id='word_1_75' title='bbox 1303 637 1420 675; x_wconf 90' lang='lat' dir='ltr'>altera</span> <span class='ocrx_word' id='word_1_76' title='bbox 1440 649 1568 686; x_wconf 82' lang='lat' dir='ltr'>caryo-</span> 
     </span>
     <span class='ocr_line' id='line_1_15' title="bbox 157 695 1566 746; baseline -0.001 -11"><span class='ocrx_word' id='word_1_77' title='bbox 157 696 205 736; x_wconf 84' lang='lat' dir='ltr'>tis</span> <span class='ocrx_word' id='word_1_78' title='bbox 242 696 358 736; x_wconf 89' lang='lat' dir='ltr'>altera</span> <span class='ocrx_word' id='word_1_79' title='bbox 396 696 579 735; x_wconf 80' lang='lat' dir='ltr'>thebaicis</span> <span class='ocrx_word' id='word_1_80' title='bbox 617 695 771 746; x_wconf 87' lang='lat' dir='ltr'>repleta.</span> <span class='ocrx_word' id='word_1_81' title='bbox 827 695 926 734; x_wconf 86' lang='lat' dir='ltr'>circa</span> <span class='ocrx_word' id='word_1_82' title='bbox 964 701 1092 734; x_wconf 87' lang='lat' dir='ltr'>autem</span> <span class='ocrx_word' id='word_1_83' title='bbox 1130 695 1299 734; x_wconf 83' lang='lat' dir='ltr'>minores</span> <span class='ocrx_word' id='word_1_84' title='bbox 1341 695 1492 745; x_wconf 91' lang='lat' dir='ltr'>porcelli</span> <span class='ocrx_word' id='word_1_85' title='bbox 1522 709 1566 733; x_wconf 81' lang='lat' dir='ltr'>ex</span> 
     </span>
     <span class='ocr_line' id='line_1_16' title="bbox 157 754 1567 806; baseline -0.002 -11"><span class='ocrx_word' id='word_1_86' title='bbox 157 755 453 806; x_wconf 83' lang='lat' dir='ltr'>coptoplacentis</span> <span class='ocrx_word' id='word_1_87' title='bbox 491 755 589 802; x_wconf 89' lang='lat' dir='ltr'>facti,</span> <span class='ocrx_word' id='word_1_88' title='bbox 629 755 735 805; x_wconf 86' lang='lat' dir='ltr'>quasi</span> <span class='ocrx_word' id='word_1_89' title='bbox 774 754 956 794; x_wconf 87' lang='lat' dir='ltr'>uberibus</span> <span class='ocrx_word' id='word_1_90' title='bbox 995 754 1254 801; x_wconf 83' lang='lat' dir='ltr'>imminerent,</span> <span class='ocrx_word' id='word_1_91' title='bbox 1291 755 1455 793; x_wconf 84' lang='lat' dir='ltr'>scrofam</span> <span class='ocrx_word' id='word_1_92' title='bbox 1485 768 1567 793; x_wconf 79' lang='lat' dir='ltr'>csse</span> 
     </span>
     <span class='ocr_line' id='line_1_17' title="bbox 157 813 1567 866; baseline -0.001 -12"><span class='ocrx_word' id='word_1_93' title='bbox 157 815 319 866; x_wconf 85' lang='lat' dir='ltr'>positam</span> <span class='ocrx_word' id='word_1_94' title='bbox 341 815 618 865; x_wconf 74' lang='lat' dir='ltr'>significabant.</span> <span class='ocrx_word' id='word_1_95' title='bbox 666 820 703 854; x_wconf 92' lang='lat' dir='ltr'>et</span> <span class='ocrx_word' id='word_1_96' title='bbox 723 815 762 854; x_wconf 93' lang='lat' dir='ltr'>hi</span> <span class='ocrx_word' id='word_1_97' title='bbox 783 815 937 864; x_wconf 90' lang='lat' dir='ltr'>quidem</span> <span class='ocrx_word' id='word_1_98' title='bbox 956 813 1180 864; x_wconf 84' lang='lat' dir='ltr'>apophoreti</span> <span class='ocrx_word' id='word_1_99' title='bbox 1202 814 1367 853; x_wconf 89' lang='lat' dir='ltr'>fuerunt.</span> <span class='ocrx_word' id='word_1_100' title='bbox 1399 820 1567 852; x_wconf 87' lang='lat' dir='ltr'>ceterum</span> 
     </span>
     <span class='ocr_line' id='line_1_18' title="bbox 157 873 1568 925; baseline -0.001 -12"><span class='ocrx_word' id='word_1_101' title='bbox 157 875 205 914; x_wconf 91' lang='lat' dir='ltr'>ad</span> <span class='ocrx_word' id='word_1_102' title='bbox 233 874 487 913; x_wconf 89' lang='lat' dir='ltr'>scindendum</span> <span class='ocrx_word' id='word_1_103' title='bbox 517 888 653 925; x_wconf 88' lang='lat' dir='ltr'>aprum</span> <span class='ocrx_word' id='word_1_104' title='bbox 681 888 761 913; x_wconf 90' lang='lat' dir='ltr'>non</span> <span class='ocrx_word' id='word_1_105' title='bbox 790 874 851 912; x_wconf 92' lang='lat' dir='ltr'>ille</span> <span class='ocrx_word' id='word_1_106' title='bbox 880 874 1027 924; x_wconf 89' lang='lat' dir='ltr'>Carpus</span> <span class='ocrx_word' id='word_1_107' title='bbox 1056 874 1226 920; x_wconf 87' lang='lat' dir='ltr'>accessit,</span> <span class='ocrx_word' id='word_1_108' title='bbox 1257 873 1319 923; x_wconf 88' lang='lat' dir='ltr'>qui</span> <span class='ocrx_word' id='word_1_109' title='bbox 1339 873 1454 912; x_wconf 90' lang='lat' dir='ltr'>altilia</span> <span class='ocrx_word' id='word_1_110' title='bbox 1471 874 1568 912; x_wconf 89' lang='lat' dir='ltr'>lace·</span> 
     </span>
     <span class='ocr_line' id='line_1_19' title="bbox 158 932 1567 985; baseline -0.003 -10"><span class='ocrx_word' id='word_1_111' title='bbox 158 940 318 981; x_wconf 84' lang='lat' dir='ltr'>raverat,</span> <span class='ocrx_word' id='word_1_112' title='bbox 348 935 415 973; x_wconf 90' lang='lat' dir='ltr'>sed</span> <span class='ocrx_word' id='word_1_113' title='bbox 443 934 626 973; x_wconf 89' lang='lat' dir='ltr'>barbatus</span> <span class='ocrx_word' id='word_1_114' title='bbox 660 934 810 985; x_wconf 88' lang='lat' dir='ltr'>ingens,</span> <span class='ocrx_word' id='word_1_115' title='bbox 840 933 965 972; x_wconf 86' lang='lat' dir='ltr'>fasciis</span> <span class='ocrx_word' id='word_1_116' title='bbox 995 932 1208 972; x_wconf 86' lang='lat' dir='ltr'>cruralibus</span> <span class='ocrx_word' id='word_1_117' title='bbox 1237 933 1411 983; x_wconf 83' lang='lat' dir='ltr'>alligatus</span> <span class='ocrx_word' id='word_1_118' title='bbox 1441 938 1476 971; x_wconf 90' lang='lat' dir='ltr'>et</span> <span class='ocrx_word' id='word_1_119' title='bbox 1505 933 1567 972; x_wconf 91' lang='lat' dir='ltr'>ali-</span> 
     </span>
     <span class='ocr_line' id='line_1_20' title="bbox 158 992 1568 1044; baseline -0.002 -11"><span class='ocrx_word' id='word_1_120' title='bbox 158 995 242 1032; x_wconf 86' lang='lat' dir='ltr'>cula</span> <span class='ocrx_word' id='word_1_121' title='bbox 269 995 504 1033; x_wconf 91' lang='lat' dir='ltr'>subornatus</span> <span class='ocrx_word' id='word_1_122' title='bbox 532 994 726 1044; x_wconf 83' lang='lat' dir='ltr'>polymita,</span> <span class='ocrx_word' id='word_1_123' title='bbox 755 993 964 1043; x_wconf 86' lang='lat' dir='ltr'>strictoque</span> <span class='ocrx_word' id='word_1_124' title='bbox 993 993 1189 1032; x_wconf 90' lang='lat' dir='ltr'>venatorio</span> <span class='ocrx_word' id='word_1_125' title='bbox 1219 993 1339 1031; x_wconf 93' lang='lat' dir='ltr'>cultro</span> <span class='ocrx_word' id='word_1_126' title='bbox 1367 993 1466 1031; x_wconf 88' lang='lat' dir='ltr'>latus</span> <span class='ocrx_word' id='word_1_127' title='bbox 1487 992 1568 1043; x_wconf 89' lang='lat' dir='ltr'>apri</span> 
     </span>
     <span class='ocr_line' id='line_1_21' title="bbox 158 1052 1569 1104; baseline -0.001 -12"><span class='ocrx_word' id='word_1_128' title='bbox 158 1054 404 1092; x_wconf 87' lang='lat' dir='ltr'>vehementer</span> <span class='ocrx_word' id='word_1_129' title='bbox 432 1053 631 1104; x_wconf 85' lang='lat' dir='ltr'>percussit,</span> <span class='ocrx_word' id='word_1_130' title='bbox 662 1066 708 1091; x_wconf 82' lang='lat' dir='ltr'>ex</span> <span class='ocrx_word' id='word_1_131' title='bbox 737 1053 845 1092; x_wconf 90' lang='lat' dir='ltr'>cuius</span> <span class='ocrx_word' id='word_1_132' title='bbox 874 1052 984 1103; x_wconf 85' lang='lat' dir='ltr'>plaga</span> <span class='ocrx_word' id='word_1_133' title='bbox 1013 1052 1114 1091; x_wconf 88' lang='lat' dir='ltr'>turdi</span> <span class='ocrx_word' id='word_1_134' title='bbox 1143 1053 1398 1091; x_wconf 82' lang='lat' dir='ltr'>evolaverunt.</span> <span class='ocrx_word' id='word_1_135' title='bbox 1448 1052 1569 1102; x_wconf 86' lang='lat' dir='ltr'>parati</span> 
     </span>
     <span class='ocr_line' id='line_1_22' title="bbox 157 1111 1570 1163; baseline -0.001 -12"><span class='ocrx_word' id='word_1_136' title='bbox 157 1125 325 1163; x_wconf 88' lang='lat' dir='ltr'>aucupes</span> <span class='ocrx_word' id='word_1_137' title='bbox 354 1125 441 1151; x_wconf 91' lang='lat' dir='ltr'>cum</span> <span class='ocrx_word' id='word_1_138' title='bbox 469 1113 754 1151; x_wconf 88' lang='lat' dir='ltr'>harundinibus</span> <span class='ocrx_word' id='word_1_139' title='bbox 782 1113 936 1151; x_wconf 89' lang='lat' dir='ltr'>fuerunt</span> <span class='ocrx_word' id='word_1_140' title='bbox 965 1117 1001 1150; x_wconf 92' lang='lat' dir='ltr'>et</span> <span class='ocrx_word' id='word_1_141' title='bbox 1028 1125 1093 1150; x_wconf 89' lang='lat' dir='ltr'>eos</span> <span class='ocrx_word' id='word_1_142' title='bbox 1123 1111 1221 1150; x_wconf 86' lang='lat' dir='ltr'>circa</span> <span class='ocrx_word' id='word_1_143' title='bbox 1250 1112 1456 1150; x_wconf 88' lang='lat' dir='ltr'>triclinium</span> <span class='ocrx_word' id='word_1_144' title='bbox 1480 1111 1570 1150; x_wconf 89' lang='lat' dir='ltr'>voli-</span> 
     </span>
     <span class='ocr_line' id='line_1_23' title="bbox 157 1171 1569 1222; baseline 0 -12"><span class='ocrx_word' id='word_1_145' title='bbox 157 1177 282 1211; x_wconf 89' lang='lat' dir='ltr'>tantes</span> <span class='ocrx_word' id='word_1_146' title='bbox 317 1178 515 1211; x_wconf 90' lang='lat' dir='ltr'>momento</span> <span class='ocrx_word' id='word_1_147' title='bbox 553 1176 796 1222; x_wconf 87' lang='lat' dir='ltr'>exceperunt.</span> <span class='ocrx_word' id='word_1_148' title='bbox 852 1171 942 1210; x_wconf 90' lang='lat' dir='ltr'>inde</span> <span class='ocrx_word' id='word_1_149' title='bbox 971 1184 1059 1210; x_wconf 92' lang='lat' dir='ltr'>cum</span> <span class='ocrx_word' id='word_1_150' title='bbox 1088 1184 1202 1210; x_wconf 90' lang='lat' dir='ltr'>suum</span> <span class='ocrx_word' id='word_1_151' title='bbox 1232 1171 1368 1221; x_wconf 89' lang='lat' dir='ltr'>cuique</span> <span class='ocrx_word' id='word_1_152' title='bbox 1396 1171 1569 1210; x_wconf 87' lang='lat' dir='ltr'>iussisset</span> 
     </span>
     <span class='ocr_line' id='line_1_24' title="bbox 157 1230 1568 1281; baseline -0.001 -11"><span class='ocrx_word' id='word_1_153' title='bbox 157 1231 287 1270; x_wconf 89' lang='lat' dir='ltr'>referri</span> <span class='ocrx_word' id='word_1_154' title='bbox 317 1231 562 1278; x_wconf 89' lang='lat' dir='ltr'>Trimalchio,</span> <span class='ocrx_word' id='word_1_155' title='bbox 592 1231 744 1270; x_wconf 90' lang='lat' dir='ltr'>adiecit:</span> <span class='ocrx_word' id='word_1_156' title='bbox 785 1231 913 1270; x_wconf 82' lang='lat' dir='ltr'>‘etiam</span> <span class='ocrx_word' id='word_1_157' title='bbox 941 1230 1077 1278; x_wconf 86' lang='lat' dir='ltr'>videte,</span> <span class='ocrx_word' id='word_1_158' title='bbox 1107 1244 1223 1281; x_wconf 91' lang='lat' dir='ltr'>quam</span> <span class='ocrx_word' id='word_1_159' title='bbox 1252 1243 1391 1280; x_wconf 89' lang='lat' dir='ltr'>porcus</span> <span class='ocrx_word' id='word_1_160' title='bbox 1420 1230 1479 1269; x_wconf 91' lang='lat' dir='ltr'>ille</span> <span class='ocrx_word' id='word_1_161' title='bbox 1509 1230 1568 1268; x_wconf 91' lang='lat' dir='ltr'>sil-</span> 
     </span>
     <span class='ocr_line' id='line_1_25' title="bbox 158 1289 1569 1341; baseline -0.001 -12"><span class='ocrx_word' id='word_1_162' title='bbox 158 1290 303 1330; x_wconf 89' lang='lat' dir='ltr'>vaticus</span> <span class='ocrx_word' id='word_1_163' title='bbox 339 1291 457 1330; x_wconf 91' lang='lat' dir='ltr'>lotam</span> <span class='ocrx_word' id='word_1_164' title='bbox 495 1291 702 1330; x_wconf 87' lang='lat' dir='ltr'>comederit</span> <span class='ocrx_word' id='word_1_165' title='bbox 739 1290 942 1341; x_wconf 84' lang='lat' dir='ltr'>glandem&#39;.</span> <span class='ocrx_word' id='word_1_166' title='bbox 999 1290 1128 1329; x_wconf 83' lang='lat' dir='ltr'>statim</span> <span class='ocrx_word' id='word_1_167' title='bbox 1158 1290 1264 1341; x_wconf 91' lang='lat' dir='ltr'>pueri</span> <span class='ocrx_word' id='word_1_168' title='bbox 1294 1290 1341 1329; x_wconf 89' lang='lat' dir='ltr'>ad</span> <span class='ocrx_word' id='word_1_169' title='bbox 1370 1289 1569 1340; x_wconf 88' lang='lat' dir='ltr'>sportellas</span> 
     </span>
     <span class='ocr_line' id='line_1_26' title="bbox 158 1350 1568 1401; baseline -0.001 -11"><span class='ocrx_word' id='word_1_170' title='bbox 158 1356 414 1398; x_wconf 82' lang='lat' dir='ltr'>accesserunt,</span> <span class='ocrx_word' id='word_1_171' title='bbox 435 1363 533 1400; x_wconf 89' lang='lat' dir='ltr'>quae</span> <span class='ocrx_word' id='word_1_172' title='bbox 552 1351 771 1401; x_wconf 86' lang='lat' dir='ltr'>pendebant</span> <span class='ocrx_word' id='word_1_173' title='bbox 799 1363 819 1389; x_wconf 89' lang='lat' dir='ltr'>e</span> <span class='ocrx_word' id='word_1_174' title='bbox 849 1350 1040 1398; x_wconf 86' lang='lat' dir='ltr'>dentibus,</span> <span class='ocrx_word' id='word_1_175' title='bbox 1070 1350 1342 1400; x_wconf 84' lang='lat' dir='ltr'>thebaicasque</span> <span class='ocrx_word' id='word_1_176' title='bbox 1370 1355 1406 1388; x_wconf 89' lang='lat' dir='ltr'>et</span> <span class='ocrx_word' id='word_1_177' title='bbox 1443 1362 1568 1399; x_wconf 88' lang='lat' dir='ltr'>caryo-</span> 
     </span>
    </p>
   </div>
   <div class='ocr_carea' id='block_1_8' title="bbox 1616 351 1635 382">
    <p class='ocr_par' dir='ltr' id='par_1_8' title="bbox 1616 351 1635 382">
     <span class='ocr_line' id='line_1_27' title="bbox 1616 351 1635 382; textangle 90"><span class='ocrx_word' id='word_1_178' title='bbox 1616 351 1635 382; x_wconf 66' lang='grc' dir='ltr'><strong>Ν</strong></span> 
     </span>
    </p>
   </div>
   <div class='ocr_carea' id='block_1_9' title="bbox 1618 1047 1638 1208">
    <p class='ocr_par' dir='ltr' id='par_1_9' title="bbox 1618 1047 1638 1208">
     <span class='ocr_line' id='line_1_28' title="bbox 1618 1047 1638 1090; baseline 0 0"><span class='ocrx_word' id='word_1_179' title='bbox 1618 1047 1638 1090; x_wconf 67' lang='lat'>&lt;3</span> 
     </span>
     <span class='ocr_line' id='line_1_29' title="bbox 1619 1176 1637 1208; baseline 0 0"><span class='ocrx_word' id='word_1_180' title='bbox 1619 1176 1637 1208; x_wconf 87' lang='lat'><strong>7</strong></span> 
     </span>
    </p>
   </div>
   <div class='ocr_carea' id='block_1_10' title="bbox 1619 1294 1639 1326">
    <p class='ocr_par' dir='ltr' id='par_1_10' title="bbox 1619 1294 1639 1326">
     <span class='ocr_line' id='line_1_30' title="bbox 1619 1294 1639 1326; baseline 0 0"><span class='ocrx_word' id='word_1_181' title='bbox 1619 1294 1639 1326; x_wconf 86' lang='lat'>8</span> 
     </span>
    </p>
   </div>
   <div class='ocr_carea' id='block_1_11' title="bbox 159 1407 1640 1460">
    <p class='ocr_par' dir='ltr' id='par_1_11' title="bbox 159 1407 1640 1460">
     <span class='ocr_line' id='line_1_31' title="bbox 159 1407 1640 1460; baseline -0.003 -12"><span class='ocrx_word' id='word_1_182' title='bbox 159 1415 217 1449; x_wconf 87' lang='lat' dir='ltr'>tas</span> <span class='ocrx_word' id='word_1_183' title='bbox 259 1410 305 1448; x_wconf 89' lang='lat' dir='ltr'>ad</span> <span class='ocrx_word' id='word_1_184' title='bbox 349 1423 555 1448; x_wconf 89' lang='lat' dir='ltr'>numerum</span> <span class='ocrx_word' id='word_1_185' title='bbox 584 1410 745 1448; x_wconf 91' lang='lat' dir='ltr'>divisere</span> <span class='ocrx_word' id='word_1_186' title='bbox 773 1409 1013 1448; x_wconf 86' lang='lat' dir='ltr'>cenantibus.</span> <span class='ocrx_word' id='word_1_187' title='bbox 1070 1410 1223 1448; x_wconf 88' lang='lat' dir='ltr'>interim</span> <span class='ocrx_word' id='word_1_188' title='bbox 1252 1422 1334 1459; x_wconf 75' lang='lat' dir='ltr'>egr),</span> <span class='ocrx_word' id='word_1_189' title='bbox 1365 1409 1430 1459; x_wconf 88' lang='lat' dir='ltr'>qui</span> <span class='ocrx_word' id='word_1_190' title='bbox 1451 1408 1569 1460; x_wconf 86' lang='lat' dir='ltr'>priva·</span> <span class='ocrx_word' id='word_1_191' title='bbox 1593 1407 1640 1443; x_wconf 83' lang='lat'>41</span> 
     </span>
    </p>
   </div>
   <div class='ocr_carea' id='block_1_12' title="bbox 157 1469 1572 2470">
    <p class='ocr_par' dir='ltr' id='par_1_12' title="bbox 157 1469 1571 1995">
     <span class='ocr_line' id='line_1_32' title="bbox 158 1469 1567 1519; baseline -0.001 -11"><span class='ocrx_word' id='word_1_192' title='bbox 158 1475 241 1508; x_wconf 91' lang='lat' dir='ltr'>tum</span> <span class='ocrx_word' id='word_1_193' title='bbox 268 1469 461 1508; x_wconf 89' lang='lat' dir='ltr'>habebam</span> <span class='ocrx_word' id='word_1_194' title='bbox 489 1482 698 1516; x_wconf 88' lang='lat' dir='ltr'>secessum,</span> <span class='ocrx_word' id='word_1_195' title='bbox 727 1469 767 1508; x_wconf 93' lang='lat' dir='ltr'>in</span> <span class='ocrx_word' id='word_1_196' title='bbox 796 1470 939 1508; x_wconf 86' lang='lat' dir='ltr'>multas</span> <span class='ocrx_word' id='word_1_197' title='bbox 977 1469 1225 1519; x_wconf 84' lang='lat' dir='ltr'>cogitationes</span> <span class='ocrx_word' id='word_1_198' title='bbox 1254 1470 1431 1507; x_wconf 87' lang='lat' dir='ltr'>diductus</span> <span class='ocrx_word' id='word_1_199' title='bbox 1468 1481 1567 1515; x_wconf 88' lang='lat' dir='ltr'>sum,</span> 
     </span>
     <span class='ocr_line' id='line_1_33' title="bbox 157 1528 1568 1579; baseline -0.001 -12"><span class='ocrx_word' id='word_1_200' title='bbox 157 1541 275 1578; x_wconf 89' lang='lat' dir='ltr'>quare</span> <span class='ocrx_word' id='word_1_201' title='bbox 303 1542 394 1579; x_wconf 89' lang='lat' dir='ltr'>aper</span> <span class='ocrx_word' id='word_1_202' title='bbox 422 1529 596 1579; x_wconf 90' lang='lat' dir='ltr'>pilleatus</span> <span class='ocrx_word' id='word_1_203' title='bbox 625 1529 815 1568; x_wconf 90' lang='lat' dir='ltr'>intrasset.</span> <span class='ocrx_word' id='word_1_204' title='bbox 873 1534 1077 1579; x_wconf 88' lang='lat' dir='ltr'>postquam</span> <span class='ocrx_word' id='word_1_205' title='bbox 1106 1528 1233 1578; x_wconf 87' lang='lat' dir='ltr'>itaque</span> <span class='ocrx_word' id='word_1_206' title='bbox 1263 1528 1388 1567; x_wconf 91' lang='lat' dir='ltr'>omnis</span> <span class='ocrx_word' id='word_1_207' title='bbox 1418 1529 1568 1567; x_wconf 88' lang='lat' dir='ltr'>bacalu-</span> 
     </span>
     <span class='ocr_line' id='line_1_34' title="bbox 159 1587 1568 1638; baseline 0 -12"><span class='ocrx_word' id='word_1_208' title='bbox 159 1587 235 1627; x_wconf 87' lang='lat' dir='ltr'>sias</span> <span class='ocrx_word' id='word_1_209' title='bbox 273 1588 508 1638; x_wconf 89' lang='lat' dir='ltr'>consumpsi,</span> <span class='ocrx_word' id='word_1_210' title='bbox 546 1588 678 1627; x_wconf 88' lang='lat' dir='ltr'>duravi</span> <span class='ocrx_word' id='word_1_211' title='bbox 720 1589 954 1638; x_wconf 80' lang='lat' dir='ltr'>interrogare</span> <span class='ocrx_word' id='word_1_212' title='bbox 991 1588 1098 1626; x_wconf 88' lang='lat' dir='ltr'>illum</span> <span class='ocrx_word' id='word_1_213' title='bbox 1136 1588 1384 1638; x_wconf 87' lang='lat' dir='ltr'>interpretem</span> <span class='ocrx_word' id='word_1_214' title='bbox 1425 1600 1568 1634; x_wconf 87' lang='lat' dir='ltr'>meum,</span> 
     </span>
     <span class='ocr_line' id='line_1_35' title="bbox 160 1646 1570 1698; baseline -0.001 -12"><span class='ocrx_word' id='word_1_215' title='bbox 160 1648 263 1697; x_wconf 86' lang='lat' dir='ltr'>quod</span> <span class='ocrx_word' id='word_1_216' title='bbox 290 1660 353 1686; x_wconf 89' lang='lat' dir='ltr'>me</span> <span class='ocrx_word' id='word_1_217' title='bbox 382 1653 584 1697; x_wconf 89' lang='lat' dir='ltr'>torqueret.</span> <span class='ocrx_word' id='word_1_218' title='bbox 641 1653 679 1687; x_wconf 87' lang='lat' dir='ltr'>at</span> <span class='ocrx_word' id='word_1_219' title='bbox 707 1648 784 1687; x_wconf 90' lang='lat' dir='ltr'>ille:</span> <span class='ocrx_word' id='word_1_220' title='bbox 816 1648 942 1698; x_wconf 82' lang='lat' dir='ltr'>‘plane</span> <span class='ocrx_word' id='word_1_221' title='bbox 970 1648 1085 1687; x_wconf 89' lang='lat' dir='ltr'>etiam</span> <span class='ocrx_word' id='word_1_222' title='bbox 1113 1649 1187 1687; x_wconf 94' lang='lat' dir='ltr'>hoc</span> <span class='ocrx_word' id='word_1_223' title='bbox 1216 1660 1349 1686; x_wconf 88' lang='lat' dir='ltr'>servus</span> <span class='ocrx_word' id='word_1_224' title='bbox 1369 1652 1458 1686; x_wconf 88' lang='lat' dir='ltr'>tuus</span> <span class='ocrx_word' id='word_1_225' title='bbox 1477 1646 1570 1685; x_wconf 88' lang='lat' dir='ltr'>indi-</span> 
     </span>
     <span class='ocr_line' id='line_1_36' title="bbox 159 1705 1570 1758; baseline -0.001 -13"><span class='ocrx_word' id='word_1_226' title='bbox 159 1719 246 1746; x_wconf 88' lang='lat' dir='ltr'>care</span> <span class='ocrx_word' id='word_1_227' title='bbox 273 1712 416 1757; x_wconf 79' lang='lat' dir='ltr'>potest3</span> <span class='ocrx_word' id='word_1_228' title='bbox 448 1720 525 1746; x_wconf 90' lang='lat' dir='ltr'>non</span> <span class='ocrx_word' id='word_1_229' title='bbox 556 1707 659 1746; x_wconf 90' lang='lat' dir='ltr'>enim</span> <span class='ocrx_word' id='word_1_230' title='bbox 688 1707 864 1758; x_wconf 85' lang='lat' dir='ltr'>aenigma</span> <span class='ocrx_word' id='word_1_231' title='bbox 893 1713 962 1755; x_wconf 91' lang='lat' dir='ltr'>est,</span> <span class='ocrx_word' id='word_1_232' title='bbox 992 1709 1059 1746; x_wconf 88' lang='lat' dir='ltr'>sed</span> <span class='ocrx_word' id='word_1_233' title='bbox 1088 1720 1149 1746; x_wconf 86' lang='lat' dir='ltr'>res</span> <span class='ocrx_word' id='word_1_234' title='bbox 1178 1711 1319 1756; x_wconf 87' lang='lat' dir='ltr'>aperta.</span> <span class='ocrx_word' id='word_1_235' title='bbox 1376 1705 1439 1744; x_wconf 92' lang='lat' dir='ltr'>hic</span> <span class='ocrx_word' id='word_1_236' title='bbox 1467 1719 1570 1756; x_wconf 89' lang='lat' dir='ltr'>aper,</span> 
     </span>
     <span class='ocr_line' id='line_1_37' title="bbox 159 1765 1571 1815; baseline -0.001 -10"><span class='ocrx_word' id='word_1_237' title='bbox 159 1779 249 1806; x_wconf 90' lang='lat' dir='ltr'>cum</span> <span class='ocrx_word' id='word_1_238' title='bbox 277 1765 359 1804; x_wconf 88' lang='lat' dir='ltr'>heri</span> <span class='ocrx_word' id='word_1_239' title='bbox 387 1779 542 1804; x_wconf 89' lang='lat' dir='ltr'>summa</span> <span class='ocrx_word' id='word_1_240' title='bbox 571 1779 666 1805; x_wconf 88' lang='lat' dir='ltr'>cena</span> <span class='ocrx_word' id='word_1_241' title='bbox 693 1780 780 1805; x_wconf 78' lang='lat' dir='ltr'>eum</span> <span class='ocrx_word' id='word_1_242' title='bbox 799 1766 1042 1815; x_wconf 84' lang='lat' dir='ltr'>vindicasset,</span> <span class='ocrx_word' id='word_1_243' title='bbox 1063 1781 1085 1805; x_wconf 90' lang='lat' dir='ltr'>a</span> <span class='ocrx_word' id='word_1_244' title='bbox 1104 1766 1274 1806; x_wconf 86' lang='lat' dir='ltr'>convivis</span> <span class='ocrx_word' id='word_1_245' title='bbox 1301 1766 1482 1804; x_wconf 89' lang='lat' dir='ltr'>dimissus</span> <span class='ocrx_word' id='word_1_246' title='bbox 1502 1771 1571 1814; x_wconf 76' lang='lat' dir='ltr'>est,-</span> 
     </span>
     <span class='ocr_line' id='line_1_38' title="bbox 158 1825 1570 1876; baseline -0.001 -12"><span class='ocrx_word' id='word_1_247' title='bbox 158 1825 287 1875; x_wconf 88' lang='lat' dir='ltr'>itaque</span> <span class='ocrx_word' id='word_1_248' title='bbox 314 1825 428 1864; x_wconf 90' lang='lat' dir='ltr'>hodie</span> <span class='ocrx_word' id='word_1_249' title='bbox 457 1831 641 1876; x_wconf 86' lang='lat' dir='ltr'>tanquam</span> <span class='ocrx_word' id='word_1_250' title='bbox 656 1826 816 1866; x_wconf 90' lang='lat' dir='ltr'>libertus</span> <span class='ocrx_word' id='word_1_251' title='bbox 837 1826 877 1865; x_wconf 91' lang='lat' dir='ltr'>in</span> <span class='ocrx_word' id='word_1_252' title='bbox 898 1826 1116 1865; x_wconf 90' lang='lat' dir='ltr'>convivium</span> <span class='ocrx_word' id='word_1_253' title='bbox 1136 1826 1361 1865; x_wconf 87' lang='lat' dir='ltr'>revertitur&#39;.</span> <span class='ocrx_word' id='word_1_254' title='bbox 1391 1825 1570 1864; x_wconf 85' lang='lat' dir='ltr'>damnavi</span> 
     </span>
     <span class='ocr_line' id='line_1_39' title="bbox 160 1884 1570 1936; baseline -0.001 -13"><span class='ocrx_word' id='word_1_255' title='bbox 160 1897 230 1936; x_wconf 87' lang='lat' dir='ltr'>ego</span> <span class='ocrx_word' id='word_1_256' title='bbox 267 1889 463 1935; x_wconf 89' lang='lat' dir='ltr'>stuporem</span> <span class='ocrx_word' id='word_1_257' title='bbox 500 1899 632 1924; x_wconf 86' lang='lat' dir='ltr'>meum</span> <span class='ocrx_word' id='word_1_258' title='bbox 669 1891 706 1925; x_wconf 92' lang='lat' dir='ltr'>et</span> <span class='ocrx_word' id='word_1_259' title='bbox 744 1885 839 1925; x_wconf 92' lang='lat' dir='ltr'>nihil</span> <span class='ocrx_word' id='word_1_260' title='bbox 875 1886 1040 1936; x_wconf 89' lang='lat' dir='ltr'>amplius</span> <span class='ocrx_word' id='word_1_261' title='bbox 1075 1885 1316 1935; x_wconf 84' lang='lat' dir='ltr'>interrogavi,</span> <span class='ocrx_word' id='word_1_262' title='bbox 1347 1898 1395 1923; x_wconf 88' lang='lat' dir='ltr'>ne</span> <span class='ocrx_word' id='word_1_263' title='bbox 1423 1884 1570 1923; x_wconf 88' lang='lat' dir='ltr'>viderer</span> 
     </span>
     <span class='ocr_line' id='line_1_40' title="bbox 160 1944 903 1995; baseline 0.004 -13"><span class='ocrx_word' id='word_1_264' title='bbox 160 1957 361 1995; x_wconf 88' lang='lat' dir='ltr'>nunquam</span> <span class='ocrx_word' id='word_1_265' title='bbox 390 1944 490 1984; x_wconf 90' lang='lat' dir='ltr'>inter</span> <span class='ocrx_word' id='word_1_266' title='bbox 517 1945 702 1985; x_wconf 89' lang='lat' dir='ltr'>honestos</span> <span class='ocrx_word' id='word_1_267' title='bbox 731 1959 903 1985; x_wconf 88' lang='lat' dir='ltr'>cenasse.</span> 
     </span>
    </p>

    <p class='ocr_par' dir='ltr' id='par_1_13' title="bbox 161 2003 1572 2470">
     <span class='ocr_line' id='line_1_41' title="bbox 266 2003 1570 2057; baseline -0.001 -15"><span class='ocrx_word' id='word_1_268' title='bbox 266 2005 360 2043; x_wconf 90' lang='lat' dir='ltr'>dum</span> <span class='ocrx_word' id='word_1_269' title='bbox 386 2005 483 2043; x_wconf 88' lang='lat' dir='ltr'>haec</span> <span class='ocrx_word' id='word_1_270' title='bbox 510 2005 716 2055; x_wconf 85' lang='lat' dir='ltr'>loquimur,</span> <span class='ocrx_word' id='word_1_271' title='bbox 745 2018 839 2056; x_wconf 89' lang='lat' dir='ltr'>puer</span> <span class='ocrx_word' id='word_1_272' title='bbox 868 2005 1078 2057; x_wconf 91' lang='lat' dir='ltr'>speciosus,</span> <span class='ocrx_word' id='word_1_273' title='bbox 1107 2004 1247 2044; x_wconf 91' lang='lat' dir='ltr'>vitibus</span> <span class='ocrx_word' id='word_1_274' title='bbox 1267 2003 1496 2053; x_wconf 88' lang='lat' dir='ltr'>hederisque</span> <span class='ocrx_word' id='word_1_275' title='bbox 1515 2017 1570 2041; x_wconf 85' lang='lat' dir='ltr'>re-</span> 
     </span>
     <span class='ocr_line' id='line_1_42' title="bbox 161 2063 1571 2115; baseline -0.001 -13"><span class='ocrx_word' id='word_1_276' title='bbox 161 2063 330 2111; x_wconf 87' lang='lat' dir='ltr'>dimitus,</span> <span class='ocrx_word' id='word_1_277' title='bbox 358 2065 474 2102; x_wconf 90' lang='lat' dir='ltr'>modo</span> <span class='ocrx_word' id='word_1_278' title='bbox 501 2064 713 2112; x_wconf 89' lang='lat' dir='ltr'>Bromium,</span> <span class='ocrx_word' id='word_1_279' title='bbox 742 2065 936 2104; x_wconf 88' lang='lat' dir='ltr'>interdum</span> <span class='ocrx_word' id='word_1_280' title='bbox 964 2066 1133 2115; x_wconf 90' lang='lat' dir='ltr'>Lyaeum</span> <span class='ocrx_word' id='word_1_281' title='bbox 1162 2064 1406 2113; x_wconf 88' lang='lat' dir='ltr'>Euhiumque</span> <span class='ocrx_word' id='word_1_282' title='bbox 1426 2063 1571 2102; x_wconf 85' lang='lat' dir='ltr'>confes-</span> 
     </span>
     <span class='ocr_line' id='line_1_43' title="bbox 161 2122 1570 2174; baseline -0.001 -12"><span class='ocrx_word' id='word_1_283' title='bbox 161 2135 240 2170; x_wconf 87' lang='lat' dir='ltr'>sus,</span> <span class='ocrx_word' id='word_1_284' title='bbox 270 2122 476 2162; x_wconf 88' lang='lat' dir='ltr'>calathisco</span> <span class='ocrx_word' id='word_1_285' title='bbox 504 2136 598 2163; x_wconf 87' lang='lat' dir='ltr'>uvas</span> <span class='ocrx_word' id='word_1_286' title='bbox 627 2123 857 2164; x_wconf 88' lang='lat' dir='ltr'>circumtulit</span> <span class='ocrx_word' id='word_1_287' title='bbox 886 2130 922 2163; x_wconf 90' lang='lat' dir='ltr'>et</span> <span class='ocrx_word' id='word_1_288' title='bbox 950 2129 1128 2174; x_wconf 88' lang='lat' dir='ltr'>poemata</span> <span class='ocrx_word' id='word_1_289' title='bbox 1156 2123 1301 2163; x_wconf 90' lang='lat' dir='ltr'>domini</span> <span class='ocrx_word' id='word_1_290' title='bbox 1322 2123 1381 2162; x_wconf 91' lang='lat' dir='ltr'>sui</span> <span class='ocrx_word' id='word_1_291' title='bbox 1401 2122 1570 2162; x_wconf 87' lang='lat' dir='ltr'>acutissi-</span> 
     </span>
     <span class='ocr_line' id='line_1_44' title="bbox 161 2181 1570 2233; baseline -0.001 -13"><span class='ocrx_word' id='word_1_292' title='bbox 161 2195 227 2221; x_wconf 91' lang='lat' dir='ltr'>ma</span> <span class='ocrx_word' id='word_1_293' title='bbox 254 2195 346 2221; x_wconf 91' lang='lat' dir='ltr'>voce</span> <span class='ocrx_word' id='word_1_294' title='bbox 374 2182 552 2222; x_wconf 87' lang='lat' dir='ltr'>traduxit.</span> <span class='ocrx_word' id='word_1_295' title='bbox 608 2184 657 2222; x_wconf 87' lang='lat' dir='ltr'>ad</span> <span class='ocrx_word' id='word_1_296' title='bbox 686 2197 800 2233; x_wconf 90' lang='lat' dir='ltr'>quem</span> <span class='ocrx_word' id='word_1_297' title='bbox 828 2196 969 2222; x_wconf 89' lang='lat' dir='ltr'>sonum</span> <span class='ocrx_word' id='word_1_298' title='bbox 990 2196 1199 2222; x_wconf 88' lang='lat' dir='ltr'>conversus</span> <span class='ocrx_word' id='word_1_299' title='bbox 1219 2181 1453 2221; x_wconf 87' lang='lat' dir='ltr'>Trimalchio</span> <span class='ocrx_word' id='word_1_300' title='bbox 1472 2182 1570 2219; x_wconf 81' lang='lat' dir='ltr'>‘Dio-</span> 
     </span>
     <span class='ocr_line' id='line_1_45' title="bbox 162 2240 1572 2293; baseline -0.001 -13"><span class='ocrx_word' id='word_1_301' title='bbox 162 2241 268 2291; x_wconf 88' lang='lat' dir='ltr'>nyse&#39;</span> <span class='ocrx_word' id='word_1_302' title='bbox 310 2241 433 2291; x_wconf 90' lang='lat' dir='ltr'>inquit</span> <span class='ocrx_word' id='word_1_303' title='bbox 473 2241 582 2281; x_wconf 82' lang='lat' dir='ltr'>‘liber</span> <span class='ocrx_word' id='word_1_304' title='bbox 611 2243 717 2282; x_wconf 86' lang='lat' dir='ltr'>esto’.</span> <span class='ocrx_word' id='word_1_305' title='bbox 774 2256 868 2293; x_wconf 88' lang='lat' dir='ltr'>puer</span> <span class='ocrx_word' id='word_1_306' title='bbox 897 2243 1059 2282; x_wconf 84' lang='lat' dir='ltr'>detraxit</span> <span class='ocrx_word' id='word_1_307' title='bbox 1087 2242 1242 2292; x_wconf 89' lang='lat' dir='ltr'>pilleum</span> <span class='ocrx_word' id='word_1_308' title='bbox 1270 2254 1363 2292; x_wconf 90' lang='lat' dir='ltr'>apro</span> <span class='ocrx_word' id='word_1_309' title='bbox 1384 2240 1572 2291; x_wconf 87' lang='lat' dir='ltr'>capitique</span> 
     </span>
     <span class='ocr_line' id='line_1_46' title="bbox 162 2299 1571 2351; baseline -0.001 -13"><span class='ocrx_word' id='word_1_310' title='bbox 162 2312 233 2338; x_wconf 91' lang='lat' dir='ltr'>suo</span> <span class='ocrx_word' id='word_1_311' title='bbox 270 2299 464 2351; x_wconf 89' lang='lat' dir='ltr'>imposuit.</span> <span class='ocrx_word' id='word_1_312' title='bbox 518 2307 600 2340; x_wconf 91' lang='lat' dir='ltr'>tum</span> <span class='ocrx_word' id='word_1_313' title='bbox 638 2301 873 2341; x_wconf 88' lang='lat' dir='ltr'>Trimalchio</span> <span class='ocrx_word' id='word_1_314' title='bbox 909 2315 1044 2340; x_wconf 89' lang='lat' dir='ltr'>rursus</span> <span class='ocrx_word' id='word_1_315' title='bbox 1079 2301 1230 2341; x_wconf 86' lang='lat' dir='ltr'>adiecit:</span> <span class='ocrx_word' id='word_1_316' title='bbox 1262 2302 1355 2339; x_wconf 87' lang='lat' dir='ltr'>‘non</span> <span class='ocrx_word' id='word_1_317' title='bbox 1385 2299 1571 2350; x_wconf 86' lang='lat' dir='ltr'>negabitis</span> 
     </span>
     <span class='ocr_line' id='line_1_47' title="bbox 161 2358 1570 2412; baseline -0.001 -14"><span class='ocrx_word' id='word_1_318' title='bbox 161 2359 236 2398; x_wconf 88' lang='lat' dir='ltr'>me’</span> <span class='ocrx_word' id='word_1_319' title='bbox 265 2359 389 2410; x_wconf 87' lang='lat' dir='ltr'>inquit</span> <span class='ocrx_word' id='word_1_320' title='bbox 417 2360 575 2399; x_wconf 83' lang='lat' dir='ltr'>‘habere</span> <span class='ocrx_word' id='word_1_321' title='bbox 600 2360 783 2400; x_wconf 90' lang='lat' dir='ltr'>Liberum</span> <span class='ocrx_word' id='word_1_322' title='bbox 811 2362 986 2412; x_wconf 87' lang='lat' dir='ltr'>patrem&#39;.</span> <span class='ocrx_word' id='word_1_323' title='bbox 1041 2360 1280 2400; x_wconf 87' lang='lat' dir='ltr'>laudavimus</span> <span class='ocrx_word' id='word_1_324' title='bbox 1319 2359 1462 2399; x_wconf 90' lang='lat' dir='ltr'>dictum</span> <span class='ocrx_word' id='word_1_325' title='bbox 1490 2358 1570 2397; x_wconf 90' lang='lat' dir='ltr'>Tri-</span> 
     </span>
     <span class='ocr_line' id='line_1_48' title="bbox 162 2417 1403 2470; baseline 0.002 -14"><span class='ocrx_word' id='word_1_326' title='bbox 162 2417 390 2458; x_wconf 90' lang='lat' dir='ltr'>malchionis</span> <span class='ocrx_word' id='word_1_327' title='bbox 419 2424 456 2458; x_wconf 88' lang='lat' dir='ltr'>et</span> <span class='ocrx_word' id='word_1_328' title='bbox 484 2419 786 2460; x_wconf 89' lang='lat' dir='ltr'>circumeuntem</span> <span class='ocrx_word' id='word_1_329' title='bbox 814 2433 976 2470; x_wconf 90' lang='lat' dir='ltr'>puerum</span> <span class='ocrx_word' id='word_1_330' title='bbox 1005 2433 1100 2460; x_wconf 90' lang='lat' dir='ltr'>sane</span> <span class='ocrx_word' id='word_1_331' title='bbox 1128 2419 1403 2470; x_wconf 84' lang='lat' dir='ltr'>perbasiamus.</span> 
     </span>
    </p>
   </div>
   <div class='ocr_carea' id='block_1_13' title="bbox 163 2546 1571 2637">
    <p class='ocr_par' dir='ltr' id='par_1_14' title="bbox 163 2546 1571 2637">
     <span class='ocr_line' id='line_1_49' title="bbox 273 2546 1571 2592; baseline -0.002 -9"><span class='ocrx_word' id='word_1_332' title='bbox 273 2548 314 2582; x_wconf 89' lang='grc'>19</span> <span class='ocrx_word' id='word_1_333' title='bbox 339 2551 453 2583; x_wconf 87' lang='lat' dir='ltr'>totam</span> <span class='ocrx_word' id='word_1_334' title='bbox 470 2550 518 2583; x_wconf 87' lang='lat' dir='ltr'>H.</span> <span class='ocrx_word' id='word_1_335' title='bbox 543 2569 587 2575; x_wconf 92' lang='lat'><strong>—</strong></span> <span class='ocrx_word' id='word_1_336' title='bbox 613 2549 658 2584; x_wconf 72' lang='lat'>⁶22</span> <span class='ocrx_word' id='word_1_337' title='bbox 684 2549 857 2584; x_wconf 89' lang='lat' dir='ltr'>deductus</span> <span class='ocrx_word' id='word_1_338' title='bbox 874 2550 939 2584; x_wconf 89' lang='grc' dir='ltr'>Βν.</span> <span class='ocrx_word' id='word_1_339' title='bbox 966 2568 1008 2572; x_wconf 92' lang='lat'>——</span> <span class='ocrx_word' id='word_1_340' title='bbox 1035 2549 1080 2582; x_wconf 69' lang='lat'>25</span> <span class='ocrx_word' id='word_1_341' title='bbox 1106 2548 1190 2592; x_wconf 89' lang='lat' dir='ltr'>quid</span> <span class='ocrx_word' id='word_1_342' title='bbox 1208 2549 1255 2582; x_wconf 87' lang='lat' dir='ltr'>H.</span> <span class='ocrx_word' id='word_1_343' title='bbox 1284 2567 1330 2572; x_wconf 88' lang='lat'>—</span> <span class='ocrx_word' id='word_1_344' title='bbox 1354 2548 1399 2582; x_wconf 83' lang='lat'>38</span> <span class='ocrx_word' id='word_1_345' title='bbox 1425 2546 1571 2581; x_wconf 85' lang='lat' dir='ltr'>circum-</span> 
     </span>
     <span class='ocr_line' id='line_1_50' title="bbox 163 2602 361 2637; baseline 0.005 -1"><span class='ocrx_word' id='word_1_346' title='bbox 163 2604 289 2636; x_wconf 87' lang='lat' dir='ltr'>euntes</span> <span class='ocrx_word' id='word_1_347' title='bbox 312 2602 361 2637; x_wconf 86' lang='lat' dir='ltr'>H.</span> 
     </span>
    </p>
   </div>
   <div class='ocr_carea' id='block_1_14' title="bbox 1619 1533 1638 1563">
    <p class='ocr_par' dir='ltr' id='par_1_15' title="bbox 1619 1533 1638 1563">
     <span class='ocr_line' id='line_1_51' title="bbox 1619 1533 1638 1563; baseline 0 0"><span class='ocrx_word' id='word_1_348' title='bbox 1619 1533 1638 1563; x_wconf 88' lang='lat'>2</span> 
     </span>
    </p>
   </div>
  </div>
 </body>
</html>
