1737 2823
664 115 706 118 —
767 93 818 129 35
878 115 920 118 ——

89 202 253 250 sterteia‚
283 202 495 242 etiamnum
525 203 678 253 ploras?
707 201 781 241 iam
804 203 957 248 curabo,
980 203 1098 241 fatum
1120 208 1228 241 tuum
1251 204 1386 253 plores.
1418 206 1496 252 sed,

89 268 129 302 ut
165 275 366 312 coeperam
395 262 530 307 dicere,
559 262 606 300 ad
636 262 737 300 lianc
766 275 828 299 1110
858 262 1052 300 fortunam
1082 263 1274 312 frugalitas
1304 276 1388 302 mea
1419 278 1497 314 per-

89 321 207 360 duxit.
265 326 342 360 tarn
381 334 545 371 magnus
586 333 632 359 ex
660 320 753 359 Asia
784 320 880 365 veni,
911 333 1026 369 quam
1055 320 1117 359 hic
1146 322 1398 360 candelabrus
1428 329 1496 362 cst.

87 381 136 419 ad
164 393 370 427 summam,
407 379 575 429 quotidie
603 392 666 418 me
695 380 865 417 solebam
895 380 940 418 ad
969 379 1074 417 illum
1104 379 1241 426 metiri,
1272 386 1306 418 et
1337 386 1377 419 111
1407 382 1496 421 ccle-

41 447 62 478 5
87 439 167 478 rius
206 445 373 478 rostrum
411 439 615 478 barbatum
653 438 849 483 haberem,
892 438 998 477 labra
1027 439 1073 476 de
1108 439 1264 477 lucerna
1293 441 1496 489 ungebam.

88 503 217 537 tamen
253 498 301 537 ad
335 497 488 536 delicias
524 497 702 545 [femina]
742 496 867 547 ipsimi
912 497 1093 544 [domini]
1136 511 1258 536 annos
1307 504 1497 548 quattuor-

91 557 214 597 decim
244 557 309 596 sui.
358 569 429 595 nec
459 563 568 607 turpe
597 562 666 604 est,
698 557 798 606 quod
827 556 1007 595 dominus
1037 557 1151 596 iubet.
1209 570 1277 607 ego
1307 562 1434 596 tamen
1465 564 1500 597 et

89 616 247 667 ipsimae
285 615 498 664 [dominae]
537 615 628 654 satis
668 616 863 654 faciebam.
921 615 1037 662 scitis,
1079 616 1168 665 quid
1207 617 1349 655 dicam:
1380 623 1497 664 taceo,

89 675 178 726 quia
207 687 286 714 non
315 687 402 714 sum
431 675 477 713 de
505 674 691 725 gloriosis.
749 680 930 721 ceterum,
953 676 1277 725 quemadmodum
1298 675 1333 714 di
1355 677 1497 723 volunt,

21 741 64 774 10
89 734 270 774 dominus
309 734 347 772 in
385 735 498 772 domo
529 734 648 772 factus
678 747 777 781 sum,
807 739 843 772 et
873 747 960 773 ecce
989 734 1070 784 cepi
1099 734 1224 784 ipsimi
1254 736 1497 774 cerebellum.

88 793 178 844 quid
212 793 358 832 multa?
396 793 623 832 coheredem
652 806 714 831 me
743 793 897 832 Caesari
927 793 1024 840 fecit,
1071 799 1107 832 et
1153 794 1280 844 accepi
1321 794 1501 845 patrimo-

1526 218 1567 248 10

1529 512 1565 542 ll

1527 684 1569 718 76

1550 808 1569 829 ί)

1551 830 1569 838 ..ι

88 853 196 892 nium
225 851 466 892 laticlavium.
506 852 652 891 nemini
681 858 810 891 tamen
840 852 936 891 nihil
963 852 1054 891 satis
1084 858 1152 891 est.
1209 854 1407 904 concupivi
1438 867 1499 892 ne-
1550 867 1568 897 :3

87 911 235 962 gotiari.
291 924 340 951 ne
368 910 498 950 multis
527 924 594 950 vos
623 924 761 959 morer,
793 911 962 961 quinque
1009 925 1125 950 naves
1167 911 1373 959 aedificavi,
1413 925 1499 951 one-

87 971 167 1010 ravi
195 971 327 1010 vinum
357 993 403 998 —
433 976 471 1010 et
499 976 591 1009 tunc
619 976 699 1009 erat
728 976 862 1010 contra
890 984 1027 1010 aurum
1045 995 1091 1000 -—
1109 970 1195 1010 misi
1225 972 1402 1011 Romam.
1434 985 1499 1022 pu·

20 1039 62 1070 15
88 1036 189 1069 tares
218 1043 280 1069 me
307 1031 381 1069 hoc
409 1029 584 1069 iussisse:
615 1043 749 1068 omnes
781 1043 898 1069 naves
927 1030 1215 1080 naufragarum,
1245 1031 1400 1078 facturn,
1421 1044 1500 1070 non

89 1089 229 1129 fabula.
284 1102 364 1128 uno
392 1088 453 1128 die
480 1088 683 1139 Neptunus
712 1089 913 1128 trecenties
934 1090 1152 1128 sestertium
1173 1089 1380 1129 devoravit.
1435 1103 1500 1140 pu-

89 1148 177 1188 tatis
205 1162 268 1187 me
296 1147 503 1188 defecisse?
541 1161 619 1186 non
649 1149 888 1187 mehercules
916 1148 969 1187 mi
998 1150 1093 1188 haec
1121 1148 1266 1188 iactura
1293 1149 1393 1199 gusti
1421 1150 1501 1196 fuit,

89 1213 274 1258 tanquam
303 1207 400 1246 nihil
428 1207 526 1246 facti.
569 1208 709 1246 alteras
738 1207 808 1246 feci
836 1208 1001 1247 maiores
1030 1214 1066 1247 et
1094 1208 1272 1247 meliores
1302 1214 1338 1247 et
1366 1209 1501 1247 felicio-

89 1280 163 1314 res,
210 1272 252 1306 ut
292 1280 408 1306 nemo
449 1280 529 1306 non
571 1281 633 1306 me
662 1267 786 1306 virum
814 1268 952 1306 fortem
991 1267 1144 1306 diceret.
1202 1267 1319 1314 scitis,
1358 1281 1501 1318 magna

19 1333 64 1366 20
89 1326 199 1365 navis
226 1340 409 1377 magnam
438 1326 697 1365 fortitudinem
726 1327 854 1366 habet.
911 1326 1066 1365 oneravi
1095 1340 1230 1365 rursus
1259 1327 1402 1374 vinum,
1429 1327 1502 1365 lar-

88 1386 193 1433 dum,
235 1386 375 1433 fabam,
418 1386 638 1436 seplasium,
667 1386 869 1436 mancipia.
926 1386 1000 1425 hoc
1041 1387 1124 1425 loco
1166 1387 1375 1425 Fortunata
1418 1400 1500 1425 rem

88 1444 191 1495 piam
220 1444 323 1493 fecit;
353 1458 469 1484 omne
497 1444 601 1484 enim
629 1458 767 1484 aurum
796 1458 924 1493 suum,
953 1445 1083 1484 omnia
1110 1445 1338 1484 vestimenta
1375 1445 1501 1484 vendi-

89 1504 141 1543 dit
169 1509 206 1543 et
233 1504 285 1543 mi
314 1510 469 1543 centum
498 1517 635 1543 aureos
663 1504 704 1543 in
732 1517 852 1543 manu
881 1504 1018 1555 posuit.
1075 1505 1150 1543 hoc
1169 1505 1237 1543 fuit
1258 1505 1393 1555 peculii
1426 1504 1501 1544 mei

88 1563 333 1603 fermentum.
389 1563 463 1603 cito
501 1563 553 1611 fit,
593 1564 694 1613 quod
732 1563 769 1602 di
803 1564 947 1603 volunt.
1004 1577 1082 1602 uno
1112 1577 1226 1603 cursu
1255 1564 1397 1603 centies
1427 1577 1502 1603 ses-

21 1631 64 1662 25
90 1622 243 1662 tertium
273 1622 552 1662 corrotundavi.
610 1623 737 1661 statim
767 1623 911 1661 redemi
948 1623 1087 1662 fundos
1134 1636 1282 1672 omnes,
1331 1623 1393 1673 qui
1440 1637 1502 1674 pa-

90 1682 191 1721 troni
218 1682 295 1721 mei
323 1682 485 1721 fuerant.
541 1682 698 1720 aedifico
727 1683 898 1730 domum,
931 1682 1114 1721 venalicia
1154 1696 1284 1722 coemo
1314 1683 1500 1729 iumenta3

91 1740 269 1791 quicquid
297 1741 514 1792 tangebam,
545 1742 738 1780 crescebat
767 1746 952 1791 tanquam
981 1742 1100 1780 favus.
1158 1747 1362 1792 postquam
1397 1742 1504 1792 coepi

89 1800 176 1851 plus
214 1800 369 1847 habere,
409 1813 525 1850 quam
555 1805 634 1839 tota
662 1800 783 1850 patria
810 1813 898 1839 mea
934 1801 1059 1848 habet,
1090 1814 1251 1840 manum
1281 1802 1327 1840 de
1355 1801 1502 1840 tabula:

91 1858 227 1898 sustuli
254 1872 317 1898 me
351 1860 398 1898 de
426 1859 682 1910 negotiatione
710 1865 747 1898 et
775 1859 881 1910 coepi
915 1874 991 1910 per
1018 1860 1174 1899 libertos
1203 1860 1410 1900 faenerare.
1468 1865 1504 1899 et

21 1929 67 1962 30
96 1931 189 1958 sane
216 1919 409 1958 nolentem
437 1932 499 1958 me
527 1919 724 1969 negotium
753 1932 883 1957 meum
913 1932 1024 1970 agere
1053 1919 1266 1958 exhortavit
1293 1920 1502 1958 mathema-

94 1977 202 2026 ticus,
231 1977 295 2028 qui
323 1983 479 2017 venerat
507 1978 602 2017 forte
631 1978 670 2016 in
700 1977 890 2017 coloniam
919 1984 1106 2026 nostram,
1127 1978 1338 2026 GraeculiO,
1360 1978 1504 2028 Serapa

92 2036 261 2084 nomine,
291 2037 510 2076 consiliator
538 2038 710 2076 deorum.
766 2037 829 2076 hic
858 2037 954 2076 mihi
982 2038 1076 2076 dixit
1106 2038 1219 2076 etiam
1240 2051 1298 2084 ea,
1319 2050 1415 2087 quae
1435 2038 1501 2075 ob-

93 2095 182 2135 litus
211 2096 338 2143 erain3
368 2097 416 2135 ab
445 2096 527 2136 acia
555 2102 591 2135 et
620 2110 690 2136 acu
719 2097 772 2135 mi
801 2097 931 2135 omnia
950 2096 1146 2147 exposuit3
1176 2097 1376 2136 intestinas
1396 2110 1502 2136 meas

93 2160 270 2202 noverat;
299 2160 449 2195 tantum
478 2157 578 2206 quod
606 2156 702 2195 mihi
731 2169 810 2195 non
830 2156 989 2204 dixerat,
1010 2156 1100 2206 quid
1126 2156 1245 2207 pridie
1265 2169 1503 2195 cenaveram.

22 2225 66 2257 35
97 2219 272 2265 putasses
300 2215 407 2254 illum
435 2228 587 2266 semper
614 2228 768 2254 mecum
796 2216 1002 2254 habitasse.
1050 2228 1161 2266 rogo,
1176 2215 1358 2254 Habinna
1375 2238 1420 2242 -
1439 2229 1503 2266 pu-

94 2279 144 2322 to,
173 2274 379 2313 interfuisti
406 2290 471 2314 —:
503 2276 570 2313 “tu
599 2275 795 2314 dominam
825 2280 931 2314 tuam
960 2276 1006 2313 de
1035 2275 1151 2314 rebus
1178 2274 1250 2313 illis
1278 2275 1408 2314 fecisti.
1465 2280 1504 2313 tu

96 2345 231 2383 parum
266 2333 354 2372 felix
395 2333 432 2372 in
463 2333 607 2373 amicos
636 2346 688 2372 es.
746 2346 860 2372 nemo
889 2347 1061 2383 unquam
1090 2334 1157 2372 tihi
1186 2347 1316 2384 parem
1345 2333 1504 2384 gratiam

95 2391 218 2431 refert.
275 2396 316 2431 tu
343 2392 542 2432 latifundia
570 2392 753 2443 possides.
811 2398 851 2431 tu
881 2392 1049 2443 viperam
1069 2393 1141 2431 sub
1162 2392 1221 2431 ala
1241 2393 1434 2431 nutricas”
1456 2398 1503 2440 et,

205 2528 246 2561 16
282 2530 467 2571 neptunno
499 2529 547 2562 H.
581 2549 627 2553 —
664 2529 706 2563 18
741 2529 875 2563 factum
906 2531 946 2562 in
977 2530 1020 2563 H
1048 2534 1167 2563 zuei-st
1197 2529 1427 2572 qeschrieben.
1459 2547 1505 2551 —

98 2581 142 2614 :29
168 2580 256 2614 ohne
281 2591 345 2624 per
368 2582 435 2616 Br.
464 2600 504 2606 —
533 2582 578 2616 33
603 2581 763 2626 exposcit
788 2583 836 2625 H,
862 2584 952 2617 viell.
980 2582 1161 2627 exposiit.*

1330 2650 1364 2678 3*

1553 1752 1572 1783 9

1531 1870 1574 1902 10

1532 2051 1570 2082 11

1532 2223 1573 2258 77
